Local time,Ask,Bid,AskVolume,BidVolume
09.04.2021 08:00:11.649 GMT+0100,3510.508,3489.7790000000005,0.02,0.02
09.04.2021 08:00:11.700 GMT+0100,3509.303,3489.82,0.02,0.02
09.04.2021 08:00:12.192 GMT+0100,3506.385,3494.7790000000005,0.0075,0.0075
09.04.2021 08:00:12.707 GMT+0100,3505.508,3494.82,0.0075,0.02
09.04.2021 08:00:15.509 GMT+0100,3505.5490000000004,3495.6150000000002,0.02,0.0075
09.04.2021 08:00:21.043 GMT+0100,3509.221,3496.697,0.02,0.02
09.04.2021 08:00:21.156 GMT+0100,3509.467,3499.738,0.02,0.02
09.04.2021 08:00:21.518 GMT+0100,3510.262,3499.533,0.02,0.02
09.04.2021 08:00:22.414 GMT+0100,3509.467,3499.451,0.0075,0.02
09.04.2021 08:00:31.140 GMT+0100,3504.262,3499.82,0.0075,0.0075
09.04.2021 08:00:31.190 GMT+0100,3504.1800000000003,3493.451,0.02,0.02
09.04.2021 08:00:31.260 GMT+0100,3505.5490000000004,3493.492,0.02,0.02
09.04.2021 08:00:31.519 GMT+0100,3506.467,3491.656,0.02,0.02
09.04.2021 08:00:31.698 GMT+0100,3505.508,3494.82,0.0075,0.0075
09.04.2021 08:00:32.564 GMT+0100,3504.467,3495,0.0075,0.02
09.04.2021 08:00:33.653 GMT+0100,3504.3440000000005,3490.533,0.02,0.02
09.04.2021 08:00:33.759 GMT+0100,3500.303,3490.738,0.0075,0.0075
09.04.2021 08:00:33.810 GMT+0100,3500.3440000000005,3489.738,0.02,0.02
09.04.2021 08:00:37.385 GMT+0100,3497,3489.697,0.0075,0.0075
09.04.2021 08:00:37.435 GMT+0100,3495.262,3481.492,0.02,0.02
09.04.2021 08:00:37.685 GMT+0100,3493.508,3481.451,0.0075,0.02
09.04.2021 08:00:41.800 GMT+0100,3493.3440000000005,3489.5,0.02,0.0075
09.04.2021 08:00:55.780 GMT+0100,3500.303,3489.7790000000005,0.02,0.02
09.04.2021 08:01:05.982 GMT+0100,3503.262,3490,0.02,0.02
09.04.2021 08:01:21.137 GMT+0100,3503.3440000000005,3490.697,0.02,0.0075
09.04.2021 08:01:27.740 GMT+0100,3505.426,3489.6150000000002,0.02,0.02
09.04.2021 08:01:27.808 GMT+0100,3505.262,3492.738,0.02,0.02
09.04.2021 08:01:37.559 GMT+0100,3501.508,3492.451,0.02,0.02
09.04.2021 08:02:19.090 GMT+0100,3501.262,3486.492,0.02,0.02
09.04.2021 08:02:19.141 GMT+0100,3501.5490000000004,3492.82,0.02,0.02
09.04.2021 08:02:26.409 GMT+0100,3500.426,3492.6150000000002,0.0075,0.0075
09.04.2021 08:02:26.459 GMT+0100,3499.426,3484.697,0.02,0.02
09.04.2021 08:02:29.113 GMT+0100,3500.221,3484.7790000000005,0.02,0.02
09.04.2021 08:02:30.032 GMT+0100,3499.221,3484.492,0.0075,0.02
09.04.2021 08:02:30.133 GMT+0100,3497.467,3485.738,0.02,0.02
09.04.2021 08:02:30.758 GMT+0100,3498.1800000000003,3485.697,0.02,0.02
09.04.2021 08:02:50.532 GMT+0100,3497.221,3485.738,0.0075,0.02
09.04.2021 08:02:54.910 GMT+0100,3497.467,3484.6150000000002,0.02,0.02
09.04.2021 08:02:55.008 GMT+0100,3493.303,3484.451,0.0075,0.0075
09.04.2021 08:02:55.058 GMT+0100,3493.221,3481.738,0.02,0.02
09.04.2021 08:02:55.109 GMT+0100,3491.385,3477.697,0.02,0.02
09.04.2021 08:02:57.056 GMT+0100,3490.3440000000005,3479.7790000000005,0.0075,0.0075
09.04.2021 08:02:57.157 GMT+0100,3493.426,3481.451,0.02,0.02
09.04.2021 08:02:57.284 GMT+0100,3493.385,3482.656,0.0075,0.0075
09.04.2021 08:02:57.335 GMT+0100,3495.508,3483,0.02,0.02
09.04.2021 08:02:57.898 GMT+0100,3495.262,3483.738,0.02,0.0075
09.04.2021 08:02:57.999 GMT+0100,3495.467,3482.492,0.02,0.02
09.04.2021 08:02:58.923 GMT+0100,3495.262,3487.656,0.02,0.0075
09.04.2021 08:03:02.118 GMT+0100,3496,3487.656,0.02,0.02
09.04.2021 08:03:03.096 GMT+0100,3496.426,3486.656,0.02,0.02
09.04.2021 08:03:03.147 GMT+0100,3496.262,3484.533,0.02,0.02
09.04.2021 08:03:03.197 GMT+0100,3496.467,3485.697,0.02,0.02
09.04.2021 08:03:03.247 GMT+0100,3496.262,3483.697,0.02,0.02
09.04.2021 08:03:05.982 GMT+0100,3496.1800000000003,3484.738,0.02,0.0075
09.04.2021 08:03:08.282 GMT+0100,3496.5490000000004,3488,0.02,0.0075
09.04.2021 08:03:09.898 GMT+0100,3498.262,3487.697,0.02,0.02
09.04.2021 08:03:10.833 GMT+0100,3498,3488.451,0.02,0.0075
09.04.2021 08:03:15.147 GMT+0100,3498,3489.5740000000005,0.02,0.0075
09.04.2021 08:03:31.174 GMT+0100,3497.385,3486.492,0.02,0.02
09.04.2021 08:03:52.509 GMT+0100,3498.1800000000003,3487,0.02,0.02
09.04.2021 08:03:53.081 GMT+0100,3498.221,3487.451,0.02,0.0075
09.04.2021 08:04:08.404 GMT+0100,3497.385,3487.656,0.02,0.02
09.04.2021 08:04:08.454 GMT+0100,3498.5490000000004,3487.533,0.02,0.02
09.04.2021 08:04:09.268 GMT+0100,3501.303,3490.697,0.02,0.02
09.04.2021 08:04:10.543 GMT+0100,3501.426,3492.6150000000002,0.0075,0.0075
09.04.2021 08:04:10.594 GMT+0100,3503.385,3493.738,0.02,0.02
09.04.2021 08:04:10.856 GMT+0100,3503.508,3496,0.0075,0.0075
09.04.2021 08:04:10.906 GMT+0100,3504.1800000000003,3495.492,0.02,0.02
09.04.2021 08:04:11.236 GMT+0100,3507.221,3495.7790000000005,0.02,0.02
09.04.2021 08:04:11.336 GMT+0100,3508.5490000000004,3495.738,0.02,0.02
09.04.2021 08:04:11.546 GMT+0100,3509.303,3495.5740000000005,0.02,0.02
09.04.2021 08:04:12.187 GMT+0100,3509.385,3497.82,0.02,0.0075
09.04.2021 08:04:14.185 GMT+0100,3508.508,3497.697,0.0075,0.02
09.04.2021 08:04:27.779 GMT+0100,3508.3440000000005,3499.533,0.02,0.0075
09.04.2021 08:04:29.294 GMT+0100,3508.426,3501.451,0.02,0.02
09.04.2021 08:05:03.146 GMT+0100,3505.1800000000003,3501.7790000000005,0.0075,0.0075
09.04.2021 08:05:03.196 GMT+0100,3501.467,3488.451,0.02,0.02
09.04.2021 08:05:04.656 GMT+0100,3500.508,3488.6150000000002,0.0075,0.02
09.04.2021 08:05:04.807 GMT+0100,3500.508,3491.7790000000005,0.02,0.02
09.04.2021 08:05:08.504 GMT+0100,3499,3491.492,0.0075,0.02
09.04.2021 08:05:10.141 GMT+0100,3499.5490000000004,3493.697,0.0075,0.0075
09.04.2021 08:05:10.191 GMT+0100,3501.508,3492.656,0.02,0.02
09.04.2021 08:05:10.242 GMT+0100,3502.426,3492.738,0.02,0.02
09.04.2021 08:05:10.370 GMT+0100,3504.262,3492.5740000000005,0.02,0.02
09.04.2021 08:05:12.083 GMT+0100,3504.303,3493.738,0.02,0.02
09.04.2021 08:05:12.133 GMT+0100,3504,3492.656,0.02,0.02
09.04.2021 08:05:12.556 GMT+0100,3504.426,3494.533,0.02,0.0075
09.04.2021 08:05:13.664 GMT+0100,3504.1800000000003,3498,0.02,0.02
09.04.2021 08:05:40.364 GMT+0100,3503.508,3497.738,0.02,0.02
09.04.2021 08:05:41.302 GMT+0100,3501.262,3497.6150000000002,0.0075,0.0075
09.04.2021 08:05:41.352 GMT+0100,3501.467,3491.451,0.02,0.02
09.04.2021 08:05:41.403 GMT+0100,3502.508,3491.451,0.02,0.02
09.04.2021 08:05:44.680 GMT+0100,3503.385,3491.697,0.02,0.02
09.04.2021 08:05:46.744 GMT+0100,3502,3491.451,0.02,0.02
09.04.2021 08:05:47.877 GMT+0100,3498.426,3491.7790000000005,0.0075,0.02
09.04.2021 08:05:47.928 GMT+0100,3499.508,3489.451,0.02,0.02
09.04.2021 08:06:03.449 GMT+0100,3497.508,3490,0.0075,0.02
09.04.2021 08:06:03.499 GMT+0100,3497.303,3487.492,0.02,0.02
09.04.2021 08:06:03.550 GMT+0100,3496.467,3488,0.02,0.02
09.04.2021 08:06:05.755 GMT+0100,3495.221,3487.533,0.0075,0.02
09.04.2021 08:06:07.322 GMT+0100,3495.262,3485.656,0.02,0.02
09.04.2021 08:06:10.350 GMT+0100,3495.467,3486.5740000000005,0.02,0.02
09.04.2021 08:06:10.488 GMT+0100,3494.508,3486.5740000000005,0.02,0.02
09.04.2021 08:06:12.777 GMT+0100,3494.262,3485.492,0.02,0.02
09.04.2021 08:06:19.360 GMT+0100,3494.1800000000003,3486.6150000000002,0.02,0.02
09.04.2021 08:06:27.865 GMT+0100,3494.262,3485.6150000000002,0.02,0.02
09.04.2021 08:06:29.182 GMT+0100,3494,3486.533,0.02,0.02
09.04.2021 08:06:59.094 GMT+0100,3494.426,3487.656,0.0075,0.0075
09.04.2021 08:06:59.144 GMT+0100,3496.467,3486.656,0.02,0.02
09.04.2021 08:07:00.656 GMT+0100,3496.221,3489.656,0.02,0.0075
09.04.2021 08:07:03.117 GMT+0100,3497.303,3489.697,0.02,0.02
09.04.2021 08:07:03.272 GMT+0100,3499.262,3489.5740000000005,0.02,0.02
09.04.2021 08:07:10.335 GMT+0100,3499,3491.6150000000002,0.02,0.02
09.04.2021 08:07:13.260 GMT+0100,3499.508,3493.697,0.0075,0.0075
09.04.2021 08:07:13.311 GMT+0100,3501.467,3493.7790000000005,0.02,0.02
09.04.2021 08:07:21.877 GMT+0100,3503.385,3493.492,0.02,0.02
09.04.2021 08:07:30.599 GMT+0100,3503.221,3494.6150000000002,0.02,0.0075
09.04.2021 08:07:30.650 GMT+0100,3505.1800000000003,3495.656,0.02,0.02
09.04.2021 08:07:30.724 GMT+0100,3503.3440000000005,3495.533,0.02,0.02
09.04.2021 08:07:35.592 GMT+0100,3504.1800000000003,3495.656,0.02,0.02
09.04.2021 08:07:40.581 GMT+0100,3505.467,3495.533,0.02,0.02
09.04.2021 08:07:56.068 GMT+0100,3505.221,3496.82,0.02,0.0075
09.04.2021 08:07:58.373 GMT+0100,3505.385,3498.738,0.0075,0.0075
09.04.2021 08:07:58.423 GMT+0100,3507.508,3498.6150000000002,0.02,0.02
09.04.2021 08:07:59.166 GMT+0100,3507.467,3497.738,0.02,0.02
09.04.2021 08:07:59.264 GMT+0100,3506.303,3497.451,0.0075,0.02
09.04.2021 08:08:22.465 GMT+0100,3506.467,3498.5740000000005,0.02,0.0075
09.04.2021 08:08:36.509 GMT+0100,3506.426,3500.82,0.02,0.02
09.04.2021 08:08:36.560 GMT+0100,3505.426,3497.82,0.02,0.02
09.04.2021 08:08:36.779 GMT+0100,3506.1800000000003,3500.7790000000005,0.02,0.02
09.04.2021 08:08:59.463 GMT+0100,3505.508,3500.492,0.0075,0.0075
09.04.2021 08:08:59.513 GMT+0100,3505.303,3499.82,0.02,0.02
09.04.2021 08:08:59.564 GMT+0100,3506.5490000000004,3497.492,0.02,0.02
09.04.2021 08:08:59.641 GMT+0100,3506.467,3498.738,0.02,0.0075
09.04.2021 08:08:59.742 GMT+0100,3506.1800000000003,3498,0.02,0.02
09.04.2021 08:08:59.875 GMT+0100,3506.467,3498.451,0.02,0.0075
09.04.2021 08:09:00.527 GMT+0100,3506.385,3498,0.02,0.02
09.04.2021 08:09:01.049 GMT+0100,3506.426,3498.6150000000002,0.02,0.0075
09.04.2021 08:09:01.149 GMT+0100,3506.426,3497.5740000000005,0.02,0.02
09.04.2021 08:09:01.602 GMT+0100,3504.467,3496.451,0.02,0.02
09.04.2021 08:09:01.714 GMT+0100,3505.1800000000003,3497.738,0.02,0.02
09.04.2021 08:09:15.872 GMT+0100,3504.508,3497.697,0.0075,0.02
09.04.2021 08:09:15.923 GMT+0100,3505.303,3497.656,0.02,0.02
09.04.2021 08:09:18.307 GMT+0100,3502.385,3497.5740000000005,0.0075,0.02
09.04.2021 08:09:18.357 GMT+0100,3502,3495.492,0.02,0.02
09.04.2021 08:09:18.564 GMT+0100,3503.1800000000003,3495.533,0.02,0.02
09.04.2021 08:09:18.665 GMT+0100,3503.426,3496.451,0.02,0.02
09.04.2021 08:09:19.349 GMT+0100,3504.221,3496.738,0.02,0.02
09.04.2021 08:09:20.298 GMT+0100,3504.508,3497.492,0.02,0.0075
09.04.2021 08:09:23.099 GMT+0100,3505.5490000000004,3499.7790000000005,0.02,0.0075
09.04.2021 08:09:23.149 GMT+0100,3505.385,3498.492,0.02,0.02
09.04.2021 08:09:33.859 GMT+0100,3505.385,3497.697,0.02,0.02
09.04.2021 08:09:33.956 GMT+0100,3505.262,3498.451,0.02,0.02
09.04.2021 08:09:38.505 GMT+0100,3504.303,3496.451,0.02,0.02
09.04.2021 08:09:38.555 GMT+0100,3504.1800000000003,3497.656,0.02,0.02
09.04.2021 08:09:46.434 GMT+0100,3504.262,3498.7790000000005,0.0075,0.0075
09.04.2021 08:09:46.485 GMT+0100,3505.3440000000005,3498.533,0.02,0.02
09.04.2021 08:09:46.535 GMT+0100,3506,3501,0.02,0.02
09.04.2021 08:09:47.468 GMT+0100,3506.508,3502.492,0.02,0.0075
09.04.2021 08:09:52.352 GMT+0100,3510.3440000000005,3502.738,0.02,0.02
09.04.2021 08:09:53.294 GMT+0100,3510.385,3503.451,0.02,0.02
09.04.2021 08:09:56.066 GMT+0100,3510.508,3502.492,0.02,0.02
09.04.2021 08:09:56.167 GMT+0100,3509.221,3502.656,0.02,0.02
09.04.2021 08:10:04.915 GMT+0100,3508.303,3502.7790000000005,0.0075,0.0075
09.04.2021 08:10:04.965 GMT+0100,3508.221,3501.82,0.02,0.02
09.04.2021 08:10:05.066 GMT+0100,3509.508,3501.697,0.02,0.02
09.04.2021 08:10:13.463 GMT+0100,3509.3440000000005,3502.82,0.02,0.0075
09.04.2021 08:10:16.682 GMT+0100,3509.262,3501.533,0.02,0.02
09.04.2021 08:10:17.772 GMT+0100,3509.3440000000005,3502.738,0.02,0.0075
09.04.2021 08:10:18.410 GMT+0100,3509.508,3501.451,0.02,0.02
09.04.2021 08:10:31.148 GMT+0100,3508.3440000000005,3501.697,0.0075,0.0075
09.04.2021 08:10:31.506 GMT+0100,3509.508,3501.533,0.02,0.02
09.04.2021 08:10:38.321 GMT+0100,3509.426,3502.697,0.02,0.02
09.04.2021 08:10:38.740 GMT+0100,3509.3440000000005,3502,0.02,0.02
09.04.2021 08:10:39.324 GMT+0100,3509.303,3502.82,0.02,0.0075
09.04.2021 08:10:39.424 GMT+0100,3510.467,3502.656,0.02,0.02
09.04.2021 08:10:39.488 GMT+0100,3509.5490000000004,3502.697,0.0075,0.0075
09.04.2021 08:10:39.539 GMT+0100,3509.467,3501.656,0.02,0.02
09.04.2021 08:10:39.975 GMT+0100,3509.385,3502.656,0.02,0.0075
09.04.2021 08:10:40.531 GMT+0100,3509.385,3501.6150000000002,0.02,0.02
09.04.2021 08:10:49.642 GMT+0100,3508.5490000000004,3501.492,0.0075,0.02
09.04.2021 08:10:50.068 GMT+0100,3509.385,3501.5740000000005,0.02,0.02
09.04.2021 08:10:50.978 GMT+0100,3508.508,3501.82,0.0075,0.02
09.04.2021 08:10:51.722 GMT+0100,3509.262,3501.82,0.02,0.02
09.04.2021 08:10:58.494 GMT+0100,3508.385,3501.697,0.0075,0.02
09.04.2021 08:11:03.458 GMT+0100,3508.262,3500.5740000000005,0.02,0.02
09.04.2021 08:11:04.034 GMT+0100,3508.303,3501.7790000000005,0.02,0.0075
09.04.2021 08:11:12.460 GMT+0100,3508.385,3502.656,0.02,0.0075
09.04.2021 08:11:36.804 GMT+0100,3508.385,3505.738,0.0075,0.0075
09.04.2021 08:11:36.854 GMT+0100,3513.385,3506.82,0.02,0.02
09.04.2021 08:11:37.072 GMT+0100,3513,3507.533,0.02,0.02
09.04.2021 08:11:37.123 GMT+0100,3514.426,3507.451,0.02,0.02
09.04.2021 08:11:39.072 GMT+0100,3513.467,3507.738,0.0075,0.02
09.04.2021 08:11:40.784 GMT+0100,3512.3440000000005,3507.7790000000005,0.02,0.02
09.04.2021 08:11:44.236 GMT+0100,3513.303,3507.82,0.02,0.02
09.04.2021 08:12:01.332 GMT+0100,3513.1800000000003,3508.82,0.02,0.0075
09.04.2021 08:12:15.876 GMT+0100,3512.5490000000004,3508.533,0.0075,0.02
09.04.2021 08:12:21.990 GMT+0100,3512.303,3507.82,0.02,0.02
09.04.2021 08:12:22.068 GMT+0100,3511.262,3507.492,0.02,0.02
09.04.2021 08:12:22.195 GMT+0100,3512.426,3508,0.02,0.02
09.04.2021 08:12:31.072 GMT+0100,3511.385,3507.451,0.0075,0.02
09.04.2021 08:12:59.677 GMT+0100,3513.508,3507.656,0.02,0.02
09.04.2021 08:13:01.352 GMT+0100,3512.262,3507.6150000000002,0.0075,0.02
09.04.2021 08:13:18.957 GMT+0100,3514.385,3511.5740000000005,0.02,0.02
09.04.2021 08:13:19.007 GMT+0100,3517,3511.7790000000005,0.02,0.02
09.04.2021 08:13:19.268 GMT+0100,3518,3511.492,0.02,0.02
09.04.2021 08:13:19.506 GMT+0100,3519.221,3511.492,0.02,0.02
09.04.2021 08:13:19.656 GMT+0100,3519.426,3512.6150000000002,0.02,0.0075
09.04.2021 08:13:20.160 GMT+0100,3519.426,3513.7790000000005,0.02,0.02
09.04.2021 08:14:26.353 GMT+0100,3518.303,3513.5740000000005,0.0075,0.0075
09.04.2021 08:14:26.403 GMT+0100,3516.1800000000003,3509.697,0.02,0.02
09.04.2021 08:14:26.668 GMT+0100,3517.262,3509.451,0.02,0.02
09.04.2021 08:14:27.604 GMT+0100,3517.1800000000003,3511.451,0.02,0.02
09.04.2021 08:14:27.714 GMT+0100,3517.467,3509.492,0.02,0.02
09.04.2021 08:14:28.754 GMT+0100,3517.262,3512,0.02,0.02
09.04.2021 08:14:29.617 GMT+0100,3518.1800000000003,3511.738,0.02,0.02
09.04.2021 08:14:40.516 GMT+0100,3517.426,3512,0.02,0.02
09.04.2021 08:14:50.986 GMT+0100,3517.3440000000005,3512.451,0.02,0.0075
09.04.2021 08:14:51.086 GMT+0100,3517,3512,0.02,0.02
09.04.2021 08:14:51.137 GMT+0100,3517.467,3512.738,0.02,0.02
09.04.2021 08:14:51.187 GMT+0100,3517.467,3511.492,0.02,0.02
09.04.2021 08:14:59.456 GMT+0100,3515.303,3511.697,0.0075,0.0075
09.04.2021 08:14:59.506 GMT+0100,3515.467,3508.738,0.02,0.02
09.04.2021 08:14:59.557 GMT+0100,3514.3440000000005,3508.697,0.02,0.02
09.04.2021 08:15:04.946 GMT+0100,3513.221,3509.656,0.0075,0.0075
09.04.2021 08:15:04.997 GMT+0100,3517.508,3510.451,0.02,0.02
09.04.2021 08:15:08.181 GMT+0100,3517.385,3511.7790000000005,0.02,0.0075
09.04.2021 08:15:08.282 GMT+0100,3518.385,3511.7790000000005,0.02,0.02
09.04.2021 08:15:09.260 GMT+0100,3517.467,3510.82,0.02,0.02
09.04.2021 08:15:10.124 GMT+0100,3518.1800000000003,3511.82,0.02,0.02
09.04.2021 08:15:11.456 GMT+0100,3517.221,3511.656,0.0075,0.02
09.04.2021 08:15:12.172 GMT+0100,3515.262,3511.82,0.0075,0.02
09.04.2021 08:15:12.273 GMT+0100,3517.262,3511.492,0.02,0.02
09.04.2021 08:15:17.395 GMT+0100,3516.385,3511.738,0.0075,0.0075
09.04.2021 08:15:17.446 GMT+0100,3516,3508.533,0.02,0.02
09.04.2021 08:15:28.572 GMT+0100,3514.5490000000004,3507.6150000000002,0.02,0.02
09.04.2021 08:15:30.456 GMT+0100,3514.262,3508.82,0.02,0.02
09.04.2021 08:15:31.076 GMT+0100,3515.385,3508.5740000000005,0.02,0.02
09.04.2021 08:15:31.127 GMT+0100,3516.221,3508.656,0.02,0.02
09.04.2021 08:15:31.579 GMT+0100,3516.3440000000005,3509.6150000000002,0.02,0.02
09.04.2021 08:15:33.132 GMT+0100,3515.1800000000003,3510,0.0075,0.0075
09.04.2021 08:15:33.183 GMT+0100,3515.5490000000004,3508.492,0.02,0.02
09.04.2021 08:15:51.925 GMT+0100,3514.5490000000004,3508.7790000000005,0.0075,0.02
09.04.2021 08:16:04.565 GMT+0100,3515.508,3509,0.02,0.02
09.04.2021 08:16:14.505 GMT+0100,3514.221,3509,0.0075,0.02
09.04.2021 08:16:18.959 GMT+0100,3515.508,3508.697,0.02,0.02
09.04.2021 08:16:23.372 GMT+0100,3514.508,3508.5740000000005,0.02,0.02
09.04.2021 08:16:26.056 GMT+0100,3515.426,3508.656,0.02,0.02
09.04.2021 08:16:30.065 GMT+0100,3514.385,3508.5740000000005,0.0075,0.02
09.04.2021 08:16:53.745 GMT+0100,3513.303,3508.697,0.02,0.02
09.04.2021 08:16:53.851 GMT+0100,3514.221,3508.533,0.02,0.02
09.04.2021 08:17:10.529 GMT+0100,3511.5490000000004,3508.5740000000005,0.0075,0.0075
09.04.2021 08:17:10.579 GMT+0100,3511.221,3504.7790000000005,0.02,0.02
09.04.2021 08:17:10.722 GMT+0100,3512.467,3504.6150000000002,0.02,0.02
09.04.2021 08:17:12.208 GMT+0100,3512.262,3505.533,0.02,0.0075
09.04.2021 08:17:14.068 GMT+0100,3511,3505.82,0.0075,0.02
09.04.2021 08:17:14.618 GMT+0100,3511.5490000000004,3503.697,0.02,0.02
09.04.2021 08:17:16.797 GMT+0100,3511.5490000000004,3504.82,0.02,0.0075
09.04.2021 08:17:20.585 GMT+0100,3510.262,3504.7790000000005,0.0075,0.0075
09.04.2021 08:17:20.635 GMT+0100,3510.467,3503.738,0.02,0.02
09.04.2021 08:17:22.397 GMT+0100,3510.467,3505,0.02,0.02
09.04.2021 08:17:27.106 GMT+0100,3509.1800000000003,3504.533,0.0075,0.0075
09.04.2021 08:17:27.156 GMT+0100,3509.221,3504,0.02,0.02
09.04.2021 08:17:34.648 GMT+0100,3508.508,3503.697,0.02,0.02
09.04.2021 08:17:41.456 GMT+0100,3508.467,3502.451,0.02,0.02
09.04.2021 08:18:04.606 GMT+0100,3508.303,3501.82,0.02,0.02
09.04.2021 08:18:04.714 GMT+0100,3508.508,3502.738,0.02,0.02
09.04.2021 08:18:07.235 GMT+0100,3507.303,3501.533,0.02,0.02
09.04.2021 08:18:07.286 GMT+0100,3507.221,3500.7790000000005,0.02,0.02
09.04.2021 08:18:20.519 GMT+0100,3505.467,3499.492,0.02,0.02
09.04.2021 08:18:20.629 GMT+0100,3506.303,3499.451,0.02,0.02
09.04.2021 08:18:24.268 GMT+0100,3506.385,3500.5740000000005,0.02,0.0075
09.04.2021 08:18:30.528 GMT+0100,3504.3440000000005,3499.656,0.02,0.0075
09.04.2021 08:18:30.578 GMT+0100,3504.5490000000004,3498.82,0.02,0.02
09.04.2021 08:18:39.260 GMT+0100,3503.426,3499,0.0075,0.0075
09.04.2021 08:18:39.386 GMT+0100,3502.467,3497.738,0.02,0.02
09.04.2021 08:18:46.890 GMT+0100,3504.303,3498.492,0.02,0.02
09.04.2021 08:18:47.597 GMT+0100,3503.467,3497.656,0.02,0.02
09.04.2021 08:18:51.824 GMT+0100,3504.303,3497.492,0.02,0.02
09.04.2021 08:18:52.404 GMT+0100,3503.221,3498.738,0.0075,0.0075
09.04.2021 08:18:52.555 GMT+0100,3502.5490000000004,3498.5740000000005,0.02,0.02
09.04.2021 08:18:52.605 GMT+0100,3503.3440000000005,3498.5740000000005,0.02,0.02
09.04.2021 08:18:54.285 GMT+0100,3502.303,3498.656,0.0075,0.0075
09.04.2021 08:18:54.335 GMT+0100,3502.385,3497.656,0.02,0.02
09.04.2021 08:19:00.718 GMT+0100,3502.5490000000004,3496.82,0.02,0.02
09.04.2021 08:19:09.525 GMT+0100,3502.262,3495.492,0.02,0.02
09.04.2021 08:19:09.694 GMT+0100,3502.3440000000005,3497,0.02,0.02
09.04.2021 08:19:48.872 GMT+0100,3502.221,3498.7790000000005,0.02,0.02
09.04.2021 08:19:48.973 GMT+0100,3502.221,3497.5740000000005,0.02,0.02
09.04.2021 08:19:59.768 GMT+0100,3502.508,3498.82,0.02,0.02
09.04.2021 08:19:59.932 GMT+0100,3502.1800000000003,3497.492,0.02,0.02
09.04.2021 08:20:12.062 GMT+0100,3502,3498.7790000000005,0.02,0.02
09.04.2021 08:20:12.112 GMT+0100,3502.385,3496.7790000000005,0.02,0.02
09.04.2021 08:20:14.902 GMT+0100,3502.303,3498.656,0.02,0.0075
09.04.2021 08:20:15.002 GMT+0100,3502.262,3497.7790000000005,0.02,0.02
09.04.2021 08:20:38.344 GMT+0100,3502.508,3501.492,0.0075,0.0075
09.04.2021 08:20:38.395 GMT+0100,3505.5490000000004,3497.697,0.02,0.02
09.04.2021 08:20:38.495 GMT+0100,3505.467,3499.5740000000005,0.02,0.02
09.04.2021 08:20:38.546 GMT+0100,3505.508,3497.492,0.02,0.02
09.04.2021 08:20:38.596 GMT+0100,3506.221,3499.738,0.02,0.02
09.04.2021 08:20:38.711 GMT+0100,3505.3440000000005,3499,0.02,0.02
09.04.2021 08:20:39.080 GMT+0100,3506.303,3499.451,0.02,0.02
09.04.2021 08:20:39.223 GMT+0100,3506.508,3498.697,0.02,0.02
09.04.2021 08:20:41.363 GMT+0100,3505.508,3498.5740000000005,0.02,0.02
09.04.2021 08:20:44.613 GMT+0100,3504.426,3499,0.02,0.02
09.04.2021 08:20:58.445 GMT+0100,3504.303,3499.6150000000002,0.02,0.0075
09.04.2021 08:20:58.545 GMT+0100,3504.1800000000003,3498.492,0.02,0.02
09.04.2021 08:21:40.056 GMT+0100,3503.508,3497.656,0.02,0.02
09.04.2021 08:21:40.188 GMT+0100,3504.262,3498,0.02,0.02
09.04.2021 08:21:40.265 GMT+0100,3503.467,3497.5740000000005,0.0075,0.02
09.04.2021 08:21:40.416 GMT+0100,3502.426,3498.738,0.02,0.02
09.04.2021 08:22:20.975 GMT+0100,3506.508,3500.6150000000002,0.02,0.02
09.04.2021 08:22:22.260 GMT+0100,3506.426,3502.697,0.0075,0.0075
09.04.2021 08:22:22.310 GMT+0100,3507.5490000000004,3502.738,0.02,0.02
09.04.2021 08:22:22.361 GMT+0100,3507.303,3501.5740000000005,0.02,0.02
09.04.2021 08:22:23.047 GMT+0100,3507,3503.697,0.02,0.02
09.04.2021 08:22:28.550 GMT+0100,3505.3440000000005,3504,0.0075,0.0075
09.04.2021 08:22:28.600 GMT+0100,3506.303,3500.5740000000005,0.02,0.02
09.04.2021 08:22:34.514 GMT+0100,3506.303,3501.697,0.0075,0.0075
09.04.2021 08:22:34.625 GMT+0100,3507.467,3504,0.02,0.02
09.04.2021 08:22:53.962 GMT+0100,3509.3440000000005,3502.492,0.02,0.02
09.04.2021 08:22:54.012 GMT+0100,3510.221,3505.6150000000002,0.02,0.02
09.04.2021 08:22:54.645 GMT+0100,3510.1800000000003,3506.492,0.0075,0.0075
09.04.2021 08:22:56.604 GMT+0100,3511.467,3506.492,0.02,0.02
09.04.2021 08:22:56.664 GMT+0100,3510.426,3506.451,0.0075,0.02
09.04.2021 08:22:56.764 GMT+0100,3511.1800000000003,3506.82,0.02,0.02
09.04.2021 08:22:56.856 GMT+0100,3510,3506.6150000000002,0.0075,0.02
09.04.2021 08:24:07.507 GMT+0100,3510.5490000000004,3507.697,0.02,0.0075
09.04.2021 08:25:00.879 GMT+0100,3514,3508.5740000000005,0.02,0.02
09.04.2021 08:25:00.930 GMT+0100,3517.467,3512.533,0.02,0.02
09.04.2021 08:25:01.030 GMT+0100,3517,3510.6150000000002,0.02,0.02
09.04.2021 08:25:02.991 GMT+0100,3517.303,3511.656,0.0075,0.0075
09.04.2021 08:25:03.041 GMT+0100,3518.467,3510.492,0.02,0.02
09.04.2021 08:25:03.127 GMT+0100,3518.5490000000004,3511.656,0.02,0.0075
09.04.2021 08:25:03.856 GMT+0100,3516.221,3511.6150000000002,0.02,0.0075
09.04.2021 08:25:08.693 GMT+0100,3515.221,3510.492,0.02,0.0075
09.04.2021 08:25:08.743 GMT+0100,3515.467,3510,0.02,0.02
09.04.2021 08:25:08.809 GMT+0100,3515.385,3511,0.02,0.02
09.04.2021 08:25:22.068 GMT+0100,3515.3440000000005,3512.533,0.02,0.0075
09.04.2021 08:25:49.214 GMT+0100,3517.385,3512.533,0.02,0.02
09.04.2021 08:25:51.524 GMT+0100,3515.426,3512.533,0.0075,0.02
09.04.2021 08:25:54.358 GMT+0100,3515.303,3510,0.02,0.02
09.04.2021 08:25:54.408 GMT+0100,3515.5490000000004,3512.738,0.02,0.02
09.04.2021 08:25:58.310 GMT+0100,3516.385,3512.7790000000005,0.02,0.02
09.04.2021 08:25:58.402 GMT+0100,3515,3512.5740000000005,0.0075,0.02
09.04.2021 08:26:03.930 GMT+0100,3513.262,3512.75,0.0075,0.0075
09.04.2021 08:26:03.981 GMT+0100,3514.385,3510.533,0.02,0.02
09.04.2021 08:26:04.041 GMT+0100,3513.508,3510.697,0.02,0.02
09.04.2021 08:26:24.761 GMT+0100,3515.467,3510.533,0.02,0.02
09.04.2021 08:26:24.870 GMT+0100,3515.385,3512.7790000000005,0.02,0.0075
09.04.2021 08:26:25.131 GMT+0100,3515.262,3510.492,0.02,0.02
09.04.2021 08:26:25.280 GMT+0100,3515.221,3512.7790000000005,0.02,0.0075
09.04.2021 08:26:25.523 GMT+0100,3516.303,3513.451,0.02,0.02
09.04.2021 08:26:25.575 GMT+0100,3517.221,3512.533,0.02,0.02
09.04.2021 08:26:25.626 GMT+0100,3518.508,3512.533,0.02,0.02
09.04.2021 08:26:26.876 GMT+0100,3516.467,3512.697,0.0075,0.02
09.04.2021 08:26:27.393 GMT+0100,3516.262,3513.451,0.02,0.0075
09.04.2021 08:26:41.600 GMT+0100,3516.385,3510.656,0.02,0.02
09.04.2021 08:26:41.651 GMT+0100,3515.1800000000003,3511,0.02,0.02
09.04.2021 08:26:42.068 GMT+0100,3514.385,3510.738,0.0075,0.02
09.04.2021 08:26:52.460 GMT+0100,3514.508,3511.533,0.02,0.0075
09.04.2021 08:26:52.561 GMT+0100,3514.303,3510.656,0.02,0.02
09.04.2021 08:27:39.614 GMT+0100,3512.508,3506.656,0.02,0.02
09.04.2021 08:27:39.723 GMT+0100,3513.221,3506.451,0.02,0.02
09.04.2021 08:27:41.056 GMT+0100,3513.426,3507.533,0.02,0.02
09.04.2021 08:27:42.102 GMT+0100,3514.467,3509.6150000000002,0.02,0.02
09.04.2021 08:27:56.502 GMT+0100,3515.262,3509.82,0.02,0.02
09.04.2021 08:27:56.715 GMT+0100,3515.221,3511.6150000000002,0.02,0.02
09.04.2021 08:27:59.870 GMT+0100,3517.5490000000004,3513.451,0.02,0.02
09.04.2021 08:27:59.921 GMT+0100,3522.1800000000003,3515,0.02,0.02
09.04.2021 08:27:59.971 GMT+0100,3521.303,3514.697,0.02,0.02
09.04.2021 08:28:00.460 GMT+0100,3521.303,3515.533,0.0075,0.0075
09.04.2021 08:28:00.511 GMT+0100,3522.5490000000004,3515.656,0.02,0.02
09.04.2021 08:28:01.073 GMT+0100,3522.385,3516.5740000000005,0.02,0.0075
09.04.2021 08:28:01.123 GMT+0100,3522.262,3515.492,0.02,0.02
09.04.2021 08:28:01.173 GMT+0100,3521.508,3515.492,0.02,0.02
09.04.2021 08:28:02.763 GMT+0100,3519.385,3511.6150000000002,0.02,0.02
09.04.2021 08:28:04.409 GMT+0100,3519.303,3512.7790000000005,0.02,0.0075
09.04.2021 08:28:06.198 GMT+0100,3517.262,3512.656,0.0075,0.02
09.04.2021 08:28:11.556 GMT+0100,3517.5490000000004,3511.738,0.02,0.02
09.04.2021 08:28:19.868 GMT+0100,3517.303,3512.5740000000005,0.02,0.02
09.04.2021 08:28:19.918 GMT+0100,3517.385,3511.656,0.02,0.02
09.04.2021 08:28:23.378 GMT+0100,3517.467,3512.533,0.02,0.0075
09.04.2021 08:28:30.260 GMT+0100,3517.426,3513.6150000000002,0.02,0.0075
09.04.2021 08:28:30.361 GMT+0100,3517.262,3512.82,0.02,0.02
09.04.2021 08:28:37.000 GMT+0100,3516.385,3512.697,0.0075,0.0075
09.04.2021 08:28:37.051 GMT+0100,3516.508,3511.82,0.02,0.02
09.04.2021 08:28:37.151 GMT+0100,3517.1800000000003,3511.451,0.02,0.02
09.04.2021 08:28:37.322 GMT+0100,3514.5490000000004,3511.82,0.02,0.02
09.04.2021 08:28:48.270 GMT+0100,3517.385,3511.533,0.02,0.02
09.04.2021 08:28:49.687 GMT+0100,3518.5490000000004,3511.697,0.02,0.02
09.04.2021 08:28:49.737 GMT+0100,3518.262,3512.5740000000005,0.02,0.02
09.04.2021 08:28:49.872 GMT+0100,3518.426,3512,0.02,0.02
09.04.2021 08:28:59.945 GMT+0100,3518.426,3512.82,0.02,0.0075
09.04.2021 08:29:23.667 GMT+0100,3515.1800000000003,3512.7790000000005,0.0075,0.0075
09.04.2021 08:29:23.717 GMT+0100,3516.262,3511.533,0.02,0.02
09.04.2021 08:29:27.072 GMT+0100,3515.221,3511.451,0.0075,0.0075
09.04.2021 08:29:27.122 GMT+0100,3515.5490000000004,3510,0.02,0.02
09.04.2021 08:29:27.323 GMT+0100,3515.508,3508.697,0.02,0.02
09.04.2021 08:29:29.792 GMT+0100,3515.5490000000004,3509.82,0.02,0.0075
09.04.2021 08:30:02.165 GMT+0100,3515.426,3511.492,0.02,0.0075
09.04.2021 08:30:08.529 GMT+0100,3516.5490000000004,3511.7790000000005,0.02,0.02
09.04.2021 08:30:09.597 GMT+0100,3518.221,3512.82,0.02,0.02
09.04.2021 08:30:12.512 GMT+0100,3517,3512.533,0.02,0.02
09.04.2021 08:30:14.494 GMT+0100,3515,3513,0.0075,0.0075
09.04.2021 08:30:14.547 GMT+0100,3515.3440000000005,3509.6150000000002,0.02,0.02
09.04.2021 08:30:15.115 GMT+0100,3515.508,3508.533,0.02,0.02
09.04.2021 08:30:16.681 GMT+0100,3515.303,3510,0.02,0.0075
09.04.2021 08:30:25.204 GMT+0100,3515.262,3510.738,0.02,0.0075
09.04.2021 08:31:00.477 GMT+0100,3514.385,3510.656,0.0075,0.02
09.04.2021 08:31:01.739 GMT+0100,3516.3440000000005,3510.5740000000005,0.02,0.02
09.04.2021 08:31:50.981 GMT+0100,3516.385,3512.697,0.0075,0.0075
09.04.2021 08:31:51.032 GMT+0100,3519.221,3512.492,0.02,0.02
09.04.2021 08:31:51.082 GMT+0100,3517.262,3513.697,0.02,0.02
09.04.2021 08:32:20.632 GMT+0100,3517.508,3512,0.02,0.02
09.04.2021 08:32:20.733 GMT+0100,3517.303,3510.533,0.02,0.02
09.04.2021 08:32:21.015 GMT+0100,3516.5490000000004,3510.738,0.02,0.02
09.04.2021 08:32:25.382 GMT+0100,3516.262,3511.451,0.02,0.02
09.04.2021 08:32:25.505 GMT+0100,3516.467,3510.697,0.02,0.02
09.04.2021 08:32:25.873 GMT+0100,3516.5490000000004,3511.6150000000002,0.02,0.0075
09.04.2021 08:32:27.685 GMT+0100,3516.426,3510.697,0.02,0.02
09.04.2021 08:32:38.089 GMT+0100,3516.508,3511.697,0.02,0.0075
09.04.2021 08:32:43.718 GMT+0100,3516.3440000000005,3510.656,0.02,0.02
09.04.2021 08:32:44.260 GMT+0100,3516.221,3511.492,0.02,0.0075
09.04.2021 08:32:50.084 GMT+0100,3516,3511,0.02,0.02
09.04.2021 08:32:51.119 GMT+0100,3516.467,3511.7790000000005,0.02,0.02
09.04.2021 08:33:02.326 GMT+0100,3516.5490000000004,3510.82,0.02,0.02
09.04.2021 08:33:18.566 GMT+0100,3516.221,3511.6150000000002,0.02,0.0075
09.04.2021 08:33:20.200 GMT+0100,3516.262,3512.5740000000005,0.02,0.02
09.04.2021 08:33:20.338 GMT+0100,3516.262,3511.82,0.02,0.02
09.04.2021 08:33:42.460 GMT+0100,3516.3440000000005,3514.656,0.0075,0.0075
09.04.2021 08:33:42.511 GMT+0100,3521.5490000000004,3515.492,0.02,0.02
09.04.2021 08:33:43.603 GMT+0100,3521.467,3518,0.0075,0.0075
09.04.2021 08:33:43.653 GMT+0100,3522.262,3517.738,0.02,0.02
09.04.2021 08:33:43.704 GMT+0100,3523.5490000000004,3517.738,0.02,0.02
09.04.2021 08:33:44.056 GMT+0100,3523.3440000000005,3516.492,0.02,0.02
09.04.2021 08:33:44.213 GMT+0100,3523.1800000000003,3517.6150000000002,0.0075,0.0075
09.04.2021 08:33:44.264 GMT+0100,3524.426,3517.7790000000005,0.02,0.02
09.04.2021 08:33:44.512 GMT+0100,3526,3519.6150000000002,0.02,0.02
09.04.2021 08:33:47.550 GMT+0100,3526.467,3520.82,0.02,0.0075
09.04.2021 08:34:09.214 GMT+0100,3527.262,3520.6150000000002,0.02,0.02
09.04.2021 08:34:18.859 GMT+0100,3526.1800000000003,3520.656,0.0075,0.02
09.04.2021 08:34:45.668 GMT+0100,3525.303,3520.82,0.0075,0.02
09.04.2021 08:35:03.060 GMT+0100,3525.5490000000004,3519.738,0.02,0.02
09.04.2021 08:35:08.962 GMT+0100,3524.426,3519.6150000000002,0.02,0.02
09.04.2021 08:35:20.125 GMT+0100,3524.1800000000003,3518.6150000000002,0.02,0.02
09.04.2021 08:35:22.761 GMT+0100,3524.3440000000005,3519.82,0.02,0.0075
09.04.2021 08:35:28.331 GMT+0100,3524.221,3518.5740000000005,0.02,0.02
09.04.2021 08:35:29.305 GMT+0100,3524.3440000000005,3520.738,0.02,0.0075
09.04.2021 08:35:51.151 GMT+0100,3527.385,3521,0.02,0.02
09.04.2021 08:35:51.202 GMT+0100,3526.467,3520.7790000000005,0.02,0.02
09.04.2021 08:35:55.988 GMT+0100,3524.262,3520.82,0.0075,0.0075
09.04.2021 08:35:56.038 GMT+0100,3524,3517.7790000000005,0.02,0.02
09.04.2021 08:35:56.139 GMT+0100,3523.5490000000004,3517.738,0.02,0.02
09.04.2021 08:35:58.288 GMT+0100,3523.1800000000003,3516.656,0.02,0.02
09.04.2021 08:35:58.338 GMT+0100,3522.1800000000003,3516.656,0.02,0.02
09.04.2021 08:36:06.071 GMT+0100,3522.5490000000004,3518,0.02,0.0075
09.04.2021 08:36:11.343 GMT+0100,3522.508,3516.492,0.02,0.02
09.04.2021 08:36:26.247 GMT+0100,3522.3440000000005,3518.697,0.0075,0.0075
09.04.2021 08:36:26.297 GMT+0100,3524.5490000000004,3517.533,0.02,0.02
09.04.2021 08:36:26.472 GMT+0100,3523.262,3517.5740000000005,0.0075,0.0075
09.04.2021 08:36:26.522 GMT+0100,3523.5490000000004,3516.451,0.02,0.02
09.04.2021 08:36:27.680 GMT+0100,3523.303,3517.7790000000005,0.02,0.02
09.04.2021 08:37:13.843 GMT+0100,3524.303,3517.533,0.02,0.02
09.04.2021 08:37:14.660 GMT+0100,3524.467,3518.697,0.02,0.0075
09.04.2021 08:37:14.906 GMT+0100,3524.385,3517.656,0.02,0.02
09.04.2021 08:37:16.617 GMT+0100,3523.467,3517.7790000000005,0.0075,0.02
09.04.2021 08:37:40.383 GMT+0100,3524.508,3517.533,0.02,0.02
09.04.2021 08:37:40.864 GMT+0100,3524.5490000000004,3519.492,0.02,0.0075
09.04.2021 08:38:44.074 GMT+0100,3522.262,3517.5740000000005,0.01,0.01
09.04.2021 08:38:44.124 GMT+0100,3522.385,3516.492,0.02,0.02
09.04.2021 08:38:44.284 GMT+0100,3521.467,3516.738,0.0075,0.02
09.04.2021 08:38:47.488 GMT+0100,3521.221,3517.451,0.02,0.0075
09.04.2021 08:39:04.386 GMT+0100,3523.508,3518,0.02,0.02
09.04.2021 08:39:17.530 GMT+0100,3523,3518.656,0.02,0.02
09.04.2021 08:39:21.686 GMT+0100,3522.508,3519,0.0075,0.0075
09.04.2021 08:39:21.803 GMT+0100,3522.303,3517.656,0.02,0.02
09.04.2021 08:39:27.220 GMT+0100,3520.5490000000004,3517.656,0.0075,0.0075
09.04.2021 08:39:27.270 GMT+0100,3520.385,3516.738,0.02,0.02
09.04.2021 08:39:27.370 GMT+0100,3521,3515.738,0.02,0.02
09.04.2021 08:39:28.560 GMT+0100,3519.221,3515.697,0.0075,0.0075
09.04.2021 08:39:28.610 GMT+0100,3519.467,3514.451,0.02,0.02
09.04.2021 08:39:28.661 GMT+0100,3521.5490000000004,3514.5740000000005,0.02,0.02
09.04.2021 08:39:30.977 GMT+0100,3520,3514.738,0.02,0.02
09.04.2021 08:39:36.068 GMT+0100,3519.426,3515.738,0.02,0.0075
09.04.2021 08:39:37.418 GMT+0100,3519.5490000000004,3514.492,0.02,0.02
09.04.2021 08:39:41.609 GMT+0100,3518.3440000000005,3514.7790000000005,0.0075,0.02
09.04.2021 08:39:47.607 GMT+0100,3519.5490000000004,3514.5740000000005,0.02,0.02
09.04.2021 08:39:47.657 GMT+0100,3519.426,3515.738,0.02,0.02
09.04.2021 08:40:01.131 GMT+0100,3519.385,3514.697,0.02,0.02
09.04.2021 08:40:01.790 GMT+0100,3519.467,3515.656,0.02,0.0075
09.04.2021 08:40:07.578 GMT+0100,3522.5490000000004,3516.6150000000002,0.02,0.02
09.04.2021 08:40:08.642 GMT+0100,3522.221,3515.492,0.02,0.02
09.04.2021 08:40:14.261 GMT+0100,3522.385,3516.451,0.02,0.0075
09.04.2021 08:40:33.581 GMT+0100,3522.467,3515.656,0.02,0.02
09.04.2021 08:40:53.423 GMT+0100,3521.262,3516,0.0075,0.02
09.04.2021 08:40:55.085 GMT+0100,3522.221,3515.6150000000002,0.02,0.02
09.04.2021 08:41:22.745 GMT+0100,3520.3440000000005,3514.492,0.02,0.02
09.04.2021 08:41:23.707 GMT+0100,3518.1800000000003,3514.738,0.02,0.02
09.04.2021 08:41:23.757 GMT+0100,3518.221,3512.451,0.02,0.02
09.04.2021 08:41:24.060 GMT+0100,3519.426,3514,0.02,0.0075
09.04.2021 08:41:44.864 GMT+0100,3517.467,3513.7790000000005,0.0075,0.02
09.04.2021 08:41:46.603 GMT+0100,3517.1800000000003,3510.7790000000005,0.02,0.02
09.04.2021 08:41:49.546 GMT+0100,3517,3512,0.02,0.0075
09.04.2021 08:41:56.156 GMT+0100,3515.3440000000005,3511.451,0.0075,0.02
09.04.2021 08:42:02.548 GMT+0100,3515.508,3510.82,0.02,0.02
09.04.2021 08:42:17.842 GMT+0100,3515.508,3511.492,0.02,0.0075
09.04.2021 08:42:26.539 GMT+0100,3515.303,3510.82,0.02,0.02
09.04.2021 08:42:36.588 GMT+0100,3515.385,3509.697,0.02,0.02
09.04.2021 08:42:36.638 GMT+0100,3513.303,3509.738,0.02,0.02
09.04.2021 08:42:47.727 GMT+0100,3517.467,3511.82,0.02,0.02
09.04.2021 08:42:47.778 GMT+0100,3515.385,3511,0.02,0.02
09.04.2021 08:42:49.102 GMT+0100,3515.3440000000005,3511.533,0.02,0.0075
09.04.2021 08:42:53.648 GMT+0100,3517,3511.82,0.02,0.02
09.04.2021 08:43:10.526 GMT+0100,3515.303,3512,0.0075,0.0075
09.04.2021 08:43:10.576 GMT+0100,3515.426,3510.7790000000005,0.02,0.02
09.04.2021 08:43:11.368 GMT+0100,3516.467,3510.697,0.02,0.02
09.04.2021 08:43:50.484 GMT+0100,3514.467,3509.738,0.02,0.02
09.04.2021 08:43:50.613 GMT+0100,3514.1800000000003,3508.492,0.02,0.02
09.04.2021 08:44:15.532 GMT+0100,3514.5490000000004,3507.492,0.02,0.02
09.04.2021 08:44:16.386 GMT+0100,3514.3440000000005,3508.738,0.02,0.0075
09.04.2021 08:44:17.106 GMT+0100,3514.508,3507.492,0.02,0.02
09.04.2021 08:44:17.559 GMT+0100,3514.385,3508.7790000000005,0.02,0.0075
09.04.2021 08:44:41.478 GMT+0100,3514.426,3507.451,0.02,0.02
09.04.2021 08:44:41.529 GMT+0100,3514.508,3508.738,0.02,0.02
09.04.2021 08:45:00.290 GMT+0100,3515.1800000000003,3508.7790000000005,0.02,0.02
09.04.2021 08:45:00.341 GMT+0100,3514.303,3508.6150000000002,0.02,0.02
09.04.2021 08:45:06.264 GMT+0100,3513.3440000000005,3508.451,0.0075,0.0075
09.04.2021 08:45:06.314 GMT+0100,3513.508,3507.492,0.02,0.02
09.04.2021 08:45:06.365 GMT+0100,3514.1800000000003,3508.533,0.02,0.02
09.04.2021 08:45:20.515 GMT+0100,3512.508,3508.697,0.02,0.02
09.04.2021 08:45:20.576 GMT+0100,3512.262,3507.7790000000005,0.02,0.02
09.04.2021 08:45:20.824 GMT+0100,3512.221,3506.697,0.02,0.02
09.04.2021 08:45:24.090 GMT+0100,3510.1800000000003,3505.738,0.02,0.02
09.04.2021 08:45:24.620 GMT+0100,3510.467,3506.6150000000002,0.02,0.0075
09.04.2021 08:45:28.786 GMT+0100,3510,3505.6150000000002,0.02,0.02
09.04.2021 08:45:32.599 GMT+0100,3510.467,3506.656,0.02,0.0075
09.04.2021 08:45:51.985 GMT+0100,3510.221,3505.5740000000005,0.02,0.02
09.04.2021 08:45:52.145 GMT+0100,3510.467,3506.533,0.02,0.02
09.04.2021 08:46:10.249 GMT+0100,3510.1800000000003,3506,0.02,0.02
09.04.2021 08:46:10.300 GMT+0100,3510.221,3506.5740000000005,0.02,0.02
09.04.2021 08:46:10.350 GMT+0100,3510,3506,0.02,0.02
09.04.2021 08:46:17.110 GMT+0100,3510.467,3506.5740000000005,0.02,0.02
09.04.2021 08:46:43.336 GMT+0100,3510.426,3509.451,0.0075,0.0075
09.04.2021 08:46:43.386 GMT+0100,3514.3440000000005,3509.656,0.02,0.02
09.04.2021 08:46:45.057 GMT+0100,3513.1800000000003,3509.738,0.0075,0.0075
09.04.2021 08:46:45.107 GMT+0100,3513.1800000000003,3507.451,0.02,0.02
09.04.2021 08:46:47.382 GMT+0100,3514.5490000000004,3508.6150000000002,0.02,0.02
09.04.2021 08:46:53.522 GMT+0100,3514.508,3507.7790000000005,0.02,0.02
09.04.2021 08:46:54.607 GMT+0100,3514,3508.5740000000005,0.02,0.0075
09.04.2021 08:47:08.164 GMT+0100,3516.303,3509.82,0.02,0.02
09.04.2021 08:47:14.074 GMT+0100,3515.5490000000004,3509.533,0.0075,0.02
09.04.2021 08:47:26.598 GMT+0100,3515.3440000000005,3510.451,0.0075,0.0075
09.04.2021 08:47:26.648 GMT+0100,3516.426,3510.738,0.02,0.02
09.04.2021 08:47:28.171 GMT+0100,3516.3440000000005,3511.6150000000002,0.02,0.02
09.04.2021 08:47:28.221 GMT+0100,3517.5490000000004,3511.6150000000002,0.02,0.02
09.04.2021 08:47:28.285 GMT+0100,3516.5490000000004,3511.451,0.0075,0.0075
09.04.2021 08:47:28.335 GMT+0100,3516.1800000000003,3510.697,0.02,0.02
09.04.2021 08:48:29.354 GMT+0100,3516.1800000000003,3509.492,0.02,0.02
09.04.2021 08:48:34.748 GMT+0100,3516.221,3511.492,0.02,0.0075
09.04.2021 08:48:34.798 GMT+0100,3517.508,3511.82,0.02,0.02
09.04.2021 08:49:08.002 GMT+0100,3517.508,3514.656,0.0075,0.0075
09.04.2021 08:49:08.052 GMT+0100,3521.3440000000005,3515,0.02,0.02
09.04.2021 08:49:08.103 GMT+0100,3520.426,3515.656,0.02,0.02
09.04.2021 08:49:08.686 GMT+0100,3520.3440000000005,3516.656,0.02,0.0075
09.04.2021 08:49:13.203 GMT+0100,3519.303,3516.533,0.0075,0.02
09.04.2021 08:49:13.304 GMT+0100,3520.5490000000004,3516.451,0.02,0.02
09.04.2021 08:49:30.798 GMT+0100,3518,3516.82,0.0075,0.0075
09.04.2021 08:49:30.849 GMT+0100,3518.508,3512.738,0.02,0.02
09.04.2021 08:49:31.410 GMT+0100,3519,3513.7790000000005,0.02,0.0075
09.04.2021 08:49:32.385 GMT+0100,3519.3440000000005,3514.533,0.02,0.0075
09.04.2021 08:49:35.786 GMT+0100,3517.303,3514.451,0.0075,0.02
09.04.2021 08:49:49.423 GMT+0100,3517.262,3512.738,0.02,0.02
09.04.2021 08:50:06.650 GMT+0100,3519.385,3513.5740000000005,0.02,0.02
09.04.2021 08:50:07.285 GMT+0100,3519.221,3514.656,0.0075,0.0075
09.04.2021 08:50:07.335 GMT+0100,3520.3440000000005,3514.451,0.02,0.02
09.04.2021 08:50:20.105 GMT+0100,3519.3440000000005,3514.7790000000005,0.02,0.02
09.04.2021 08:50:20.746 GMT+0100,3520.1800000000003,3514.6150000000002,0.02,0.02
09.04.2021 08:51:12.489 GMT+0100,3519.467,3514.738,0.0075,0.02
09.04.2021 08:51:21.651 GMT+0100,3519.3440000000005,3513.451,0.02,0.02
09.04.2021 08:51:25.721 GMT+0100,3519,3514.451,0.02,0.02
09.04.2021 08:51:28.716 GMT+0100,3519,3513.656,0.02,0.02
09.04.2021 08:51:30.010 GMT+0100,3519,3514.5740000000005,0.02,0.0075
09.04.2021 08:51:42.398 GMT+0100,3519.385,3513.451,0.02,0.02
09.04.2021 08:51:42.472 GMT+0100,3519.385,3514.492,0.02,0.0075
09.04.2021 08:52:10.814 GMT+0100,3518.1800000000003,3514.697,0.0075,0.02
09.04.2021 08:52:33.126 GMT+0100,3517.426,3514.6150000000002,0.02,0.02
09.04.2021 08:53:08.619 GMT+0100,3517.508,3516,0.0075,0.0075
09.04.2021 08:53:08.669 GMT+0100,3519.221,3514.6150000000002,0.02,0.02
09.04.2021 08:54:01.376 GMT+0100,3517.262,3512.533,0.02,0.02
09.04.2021 08:54:01.477 GMT+0100,3518.1800000000003,3513.5740000000005,0.02,0.02
09.04.2021 08:54:03.931 GMT+0100,3519.3440000000005,3513.492,0.02,0.02
09.04.2021 08:54:06.072 GMT+0100,3519,3514.82,0.02,0.0075
09.04.2021 08:54:23.482 GMT+0100,3519.262,3513.492,0.02,0.02
09.04.2021 08:54:24.030 GMT+0100,3519.1800000000003,3514.7790000000005,0.02,0.0075
09.04.2021 08:54:52.939 GMT+0100,3519.262,3513.5740000000005,0.02,0.02
09.04.2021 08:54:53.117 GMT+0100,3517.385,3514,0.0075,0.02
09.04.2021 08:54:54.719 GMT+0100,3517.1800000000003,3515,0.02,0.02
09.04.2021 08:56:07.888 GMT+0100,3517.426,3513.533,0.02,0.02
09.04.2021 08:56:09.908 GMT+0100,3518.221,3514,0.02,0.02
09.04.2021 08:56:11.564 GMT+0100,3518.5490000000004,3514.82,0.0075,0.0075
09.04.2021 08:56:11.615 GMT+0100,3519.1800000000003,3515,0.02,0.02
09.04.2021 08:56:20.723 GMT+0100,3518.5490000000004,3514.738,0.0075,0.02
09.04.2021 08:56:27.000 GMT+0100,3519.467,3514.6150000000002,0.02,0.02
09.04.2021 08:56:31.132 GMT+0100,3518.426,3514.738,0.0075,0.02
09.04.2021 08:56:33.775 GMT+0100,3519.303,3514.451,0.02,0.02
09.04.2021 08:56:35.064 GMT+0100,3518,3514.492,0.0075,0.02
09.04.2021 08:57:01.014 GMT+0100,3519.3440000000005,3515,0.02,0.02
09.04.2021 08:57:01.263 GMT+0100,3520.508,3514.656,0.02,0.02
09.04.2021 08:57:01.313 GMT+0100,3519.426,3514.533,0.02,0.02
09.04.2021 08:57:21.413 GMT+0100,3517.262,3514.697,0.02,0.02
09.04.2021 08:59:16.916 GMT+0100,3517.426,3513.656,0.02,0.02
09.04.2021 08:59:19.010 GMT+0100,3519.508,3514.656,0.02,0.02
09.04.2021 08:59:19.061 GMT+0100,3518.467,3513.656,0.02,0.02
09.04.2021 08:59:19.570 GMT+0100,3518.385,3514.6150000000002,0.02,0.0075
09.04.2021 08:59:20.091 GMT+0100,3518.467,3513.533,0.02,0.02
09.04.2021 08:59:21.664 GMT+0100,3517.508,3513.738,0.0075,0.02
09.04.2021 09:01:00.307 GMT+0100,3516.303,3513.738,0.02,0.02
09.04.2021 09:01:53.079 GMT+0100,3515.3440000000005,3513.656,0.02,0.02
09.04.2021 09:01:58.096 GMT+0100,3516.426,3514,0.02,0.02
09.04.2021 09:01:58.433 GMT+0100,3519.221,3513.82,0.02,0.02
09.04.2021 09:01:58.575 GMT+0100,3518.426,3513.6150000000002,0.0075,0.02
09.04.2021 09:02:00.054 GMT+0100,3518.262,3515,0.0075,0.0075
09.04.2021 09:02:00.105 GMT+0100,3519,3514.82,0.02,0.02
09.04.2021 09:02:16.466 GMT+0100,3518.262,3513.7790000000005,0.02,0.02
09.04.2021 09:02:18.533 GMT+0100,3516.426,3513.7790000000005,0.0075,0.0075
09.04.2021 09:02:18.583 GMT+0100,3516.262,3510.738,0.02,0.02
09.04.2021 09:02:18.998 GMT+0100,3516.426,3511.6150000000002,0.0075,0.0075
09.04.2021 09:02:19.048 GMT+0100,3517.385,3512,0.02,0.02
09.04.2021 09:02:19.222 GMT+0100,3517.262,3512.7790000000005,0.02,0.0075
09.04.2021 09:02:19.528 GMT+0100,3517.385,3511.738,0.02,0.02
09.04.2021 09:02:20.074 GMT+0100,3517.426,3512.5740000000005,0.02,0.02
09.04.2021 09:02:24.146 GMT+0100,3516.221,3511.697,0.02,0.02
09.04.2021 09:02:28.106 GMT+0100,3516.221,3512.5740000000005,0.02,0.02
09.04.2021 09:03:07.196 GMT+0100,3515.262,3512.492,0.02,0.02
09.04.2021 09:03:10.360 GMT+0100,3515.221,3511.492,0.02,0.02
09.04.2021 09:03:10.460 GMT+0100,3515.303,3509.5740000000005,0.02,0.02
09.04.2021 09:03:10.561 GMT+0100,3514.426,3510.82,0.02,0.02
09.04.2021 09:03:58.005 GMT+0100,3514.385,3511.656,0.02,0.02
09.04.2021 09:04:28.156 GMT+0100,3516.5490000000004,3511.5740000000005,0.02,0.02
09.04.2021 09:04:28.206 GMT+0100,3516.221,3512.697,0.02,0.02
09.04.2021 09:04:28.312 GMT+0100,3516.262,3511.738,0.02,0.02
09.04.2021 09:04:28.554 GMT+0100,3515.5490000000004,3511.82,0.0075,0.02
09.04.2021 09:05:21.022 GMT+0100,3516.221,3511.5740000000005,0.02,0.02
09.04.2021 09:05:44.117 GMT+0100,3515.262,3511.738,0.0075,0.02
09.04.2021 09:06:00.845 GMT+0100,3514.262,3511.738,0.0075,0.0075
09.04.2021 09:06:00.895 GMT+0100,3514.1800000000003,3509.7790000000005,0.02,0.02
09.04.2021 09:06:01.123 GMT+0100,3515.3440000000005,3509.451,0.02,0.02
09.04.2021 09:06:01.401 GMT+0100,3515.221,3510.5740000000005,0.02,0.0075
09.04.2021 09:06:30.405 GMT+0100,3514.262,3510.697,0.0075,0.02
09.04.2021 09:06:33.801 GMT+0100,3515.385,3510.451,0.02,0.02
09.04.2021 09:07:15.906 GMT+0100,3515.5490000000004,3511.451,0.02,0.02
09.04.2021 09:10:20.688 GMT+0100,3513.5490000000004,3510.82,0.01,0.01
09.04.2021 09:10:20.789 GMT+0100,3515.426,3510.451,0.02,0.02
09.04.2021 09:10:21.256 GMT+0100,3515,3511.738,0.02,0.0075
09.04.2021 09:10:22.117 GMT+0100,3515.385,3512.492,0.02,0.0075
09.04.2021 09:10:22.167 GMT+0100,3518.385,3513.738,0.02,0.02
09.04.2021 09:10:23.285 GMT+0100,3517.3440000000005,3513.5740000000005,0.0075,0.0075
09.04.2021 09:10:23.344 GMT+0100,3517.426,3512.492,0.02,0.02
09.04.2021 09:10:24.197 GMT+0100,3516.262,3512.7790000000005,0.0075,0.0075
09.04.2021 09:10:24.247 GMT+0100,3516.508,3511.451,0.02,0.02
09.04.2021 09:10:24.298 GMT+0100,3516.385,3512.656,0.02,0.02
09.04.2021 09:10:38.575 GMT+0100,3516.385,3514,0.02,0.02
09.04.2021 09:10:38.625 GMT+0100,3516.385,3513,0.02,0.02
09.04.2021 09:10:39.896 GMT+0100,3516.303,3513.5740000000005,0.02,0.0075
09.04.2021 09:11:03.716 GMT+0100,3515.221,3513.82,0.0075,0.02
09.04.2021 09:11:07.114 GMT+0100,3517.1800000000003,3513.7790000000005,0.02,0.02
09.04.2021 09:12:28.192 GMT+0100,3517.262,3514.451,0.0075,0.0075
09.04.2021 09:12:28.242 GMT+0100,3519.262,3514.738,0.02,0.02
09.04.2021 09:12:34.941 GMT+0100,3518,3514.82,0.0075,0.0075
09.04.2021 09:12:34.991 GMT+0100,3518.303,3513.6150000000002,0.02,0.02
09.04.2021 09:12:46.265 GMT+0100,3518.467,3514.656,0.02,0.0075
09.04.2021 09:13:02.691 GMT+0100,3517.221,3514,0.02,0.02
09.04.2021 09:13:03.148 GMT+0100,3517.508,3514.82,0.02,0.0075
09.04.2021 09:13:04.777 GMT+0100,3520.1800000000003,3514.656,0.02,0.02
09.04.2021 09:13:04.854 GMT+0100,3520.303,3517.7790000000005,0.0075,0.0075
09.04.2021 09:13:04.904 GMT+0100,3523.262,3517.738,0.02,0.02
09.04.2021 09:13:04.955 GMT+0100,3521.303,3517.492,0.02,0.02
09.04.2021 09:13:05.100 GMT+0100,3523.221,3517.533,0.02,0.02
09.04.2021 09:13:05.358 GMT+0100,3523.262,3519.451,0.02,0.0075
09.04.2021 09:13:05.530 GMT+0100,3524.262,3519.6150000000002,0.02,0.02
09.04.2021 09:13:05.906 GMT+0100,3524,3521.7790000000005,0.0075,0.0075
09.04.2021 09:13:05.956 GMT+0100,3525.1800000000003,3521.7790000000005,0.02,0.02
09.04.2021 09:13:06.013 GMT+0100,3525.508,3522.533,0.0075,0.0075
09.04.2021 09:13:06.064 GMT+0100,3526.385,3522.82,0.02,0.02
09.04.2021 09:13:06.149 GMT+0100,3526.3440000000005,3521.5740000000005,0.02,0.02
09.04.2021 09:13:06.810 GMT+0100,3526,3522.738,0.02,0.02
09.04.2021 09:13:07.037 GMT+0100,3527.3440000000005,3522.6150000000002,0.02,0.02
09.04.2021 09:13:08.930 GMT+0100,3526.303,3522.451,0.02,0.02
09.04.2021 09:13:24.048 GMT+0100,3527.5490000000004,3522.656,0.02,0.02
09.04.2021 09:13:27.064 GMT+0100,3526.426,3522.697,0.0075,0.02
09.04.2021 09:13:40.529 GMT+0100,3525.467,3522.82,0.0075,0.0075
09.04.2021 09:13:40.579 GMT+0100,3525.467,3520.82,0.02,0.02
09.04.2021 09:13:42.656 GMT+0100,3525.385,3522,0.02,0.0075
09.04.2021 09:13:55.066 GMT+0100,3522.5490000000004,3521.656,0.0075,0.0075
09.04.2021 09:13:55.116 GMT+0100,3522.221,3520.6150000000002,0.02,0.02
09.04.2021 09:13:55.804 GMT+0100,3522.5490000000004,3519.6150000000002,0.02,0.02
09.04.2021 09:13:56.227 GMT+0100,3522.221,3517.738,0.02,0.02
09.04.2021 09:13:56.828 GMT+0100,3522.1800000000003,3518.697,0.02,0.0075
09.04.2021 09:14:25.056 GMT+0100,3520,3519,0.0075,0.02
09.04.2021 09:14:25.314 GMT+0100,3522.5490000000004,3518.82,0.02,0.02
09.04.2021 09:14:31.038 GMT+0100,3520.5490000000004,3518.533,0.0075,0.02
09.04.2021 09:14:31.194 GMT+0100,3519.1800000000003,3518.75,0.0075,0.0075
09.04.2021 09:14:31.245 GMT+0100,3520.385,3516.533,0.02,0.02
09.04.2021 09:14:40.139 GMT+0100,3519.3440000000005,3516.82,0.02,0.02
09.04.2021 09:14:40.190 GMT+0100,3520.5490000000004,3516.82,0.02,0.02
09.04.2021 09:14:56.111 GMT+0100,3519,3516.451,0.0075,0.02
09.04.2021 09:14:56.212 GMT+0100,3520.5490000000004,3517,0.02,0.02
09.04.2021 09:15:03.213 GMT+0100,3521.385,3516.82,0.02,0.02
09.04.2021 09:15:03.278 GMT+0100,3520.262,3516.656,0.0075,0.02
09.04.2021 09:15:14.350 GMT+0100,3520.221,3517.533,0.0075,0.0075
09.04.2021 09:15:14.400 GMT+0100,3521.385,3517.697,0.02,0.02
09.04.2021 09:15:15.289 GMT+0100,3521.3440000000005,3518.7790000000005,0.02,0.0075
09.04.2021 09:15:24.145 GMT+0100,3522.262,3518.7790000000005,0.02,0.02
09.04.2021 09:15:25.977 GMT+0100,3521.508,3518.6150000000002,0.02,0.02
09.04.2021 09:16:08.480 GMT+0100,3521.508,3516.7790000000005,0.02,0.02
09.04.2021 09:16:10.138 GMT+0100,3521.303,3517.656,0.02,0.02
09.04.2021 09:16:25.306 GMT+0100,3521.3440000000005,3518.492,0.02,0.0075
09.04.2021 09:16:36.602 GMT+0100,3521.426,3517.6150000000002,0.02,0.02
09.04.2021 09:16:44.520 GMT+0100,3520.221,3517.82,0.0075,0.02
09.04.2021 09:18:17.788 GMT+0100,3519.221,3517.533,0.0075,0.0075
09.04.2021 09:18:17.838 GMT+0100,3519.5490000000004,3517,0.02,0.02
09.04.2021 09:18:27.397 GMT+0100,3518,3516.7790000000005,0.0075,0.0075
09.04.2021 09:18:27.447 GMT+0100,3518.426,3513.451,0.02,0.02
09.04.2021 09:18:31.968 GMT+0100,3518.467,3512.738,0.02,0.02
09.04.2021 09:18:35.677 GMT+0100,3517.426,3513.738,0.0075,0.0075
09.04.2021 09:18:39.012 GMT+0100,3517.221,3512.656,0.02,0.02
09.04.2021 09:18:50.196 GMT+0100,3515,3512.656,0.0075,0.0075
09.04.2021 09:18:50.247 GMT+0100,3515.3440000000005,3511.82,0.02,0.02
09.04.2021 09:18:52.319 GMT+0100,3515.508,3510.5740000000005,0.02,0.02
09.04.2021 09:18:53.030 GMT+0100,3515.5490000000004,3511.82,0.02,0.0075
09.04.2021 09:19:09.851 GMT+0100,3515.508,3510.697,0.02,0.02
09.04.2021 09:19:10.072 GMT+0100,3514.1800000000003,3510.697,0.0075,0.0075
09.04.2021 09:19:10.122 GMT+0100,3514.5490000000004,3509.6150000000002,0.02,0.02
09.04.2021 09:19:19.197 GMT+0100,3513,3509.5740000000005,0.0075,0.02
09.04.2021 09:19:19.297 GMT+0100,3513.426,3508.533,0.02,0.02
09.04.2021 09:19:21.640 GMT+0100,3513.426,3509.492,0.02,0.0075
09.04.2021 09:19:38.809 GMT+0100,3512.3440000000005,3507.656,0.02,0.02
09.04.2021 09:19:38.868 GMT+0100,3512.508,3508.451,0.02,0.02
09.04.2021 09:20:00.780 GMT+0100,3511.262,3508.738,0.0075,0.02
09.04.2021 09:20:00.830 GMT+0100,3511.221,3506.533,0.02,0.02
09.04.2021 09:21:31.964 GMT+0100,3511.3440000000005,3507.738,0.02,0.0075
09.04.2021 09:21:41.608 GMT+0100,3511.303,3506.82,0.02,0.02
09.04.2021 09:21:44.556 GMT+0100,3510.426,3506.7790000000005,0.0075,0.02
09.04.2021 09:22:03.256 GMT+0100,3509.221,3506.697,0.0075,0.02
09.04.2021 09:24:25.480 GMT+0100,3511.221,3507.697,0.02,0.02
09.04.2021 09:24:25.530 GMT+0100,3510.1800000000003,3506.82,0.02,0.02
09.04.2021 09:25:07.195 GMT+0100,3511.467,3506.533,0.02,0.02
09.04.2021 09:25:07.551 GMT+0100,3511.426,3507.492,0.02,0.0075
09.04.2021 09:25:07.702 GMT+0100,3511.426,3506.82,0.02,0.02
09.04.2021 09:25:08.458 GMT+0100,3511,3507.7790000000005,0.02,0.0075
09.04.2021 09:25:29.012 GMT+0100,3510.467,3507.492,0.02,0.02
09.04.2021 09:25:38.059 GMT+0100,3510.5490000000004,3506.5740000000005,0.02,0.02
09.04.2021 09:25:45.459 GMT+0100,3509.1800000000003,3506.738,0.02,0.02
09.04.2021 09:25:59.546 GMT+0100,3509.3440000000005,3504.82,0.02,0.02
09.04.2021 09:25:59.900 GMT+0100,3508,3504.5740000000005,0.0075,0.02
09.04.2021 09:27:10.711 GMT+0100,3507.508,3504.7790000000005,0.0075,0.0075
09.04.2021 09:27:11.547 GMT+0100,3506.303,3504.82,0.0075,0.0075
09.04.2021 09:27:11.598 GMT+0100,3508.3440000000005,3504.492,0.02,0.02
09.04.2021 09:28:31.487 GMT+0100,3506.303,3502.738,0.02,0.02
09.04.2021 09:28:32.059 GMT+0100,3507,3503.656,0.02,0.02
09.04.2021 09:28:32.269 GMT+0100,3506,3504,0.0075,0.0075
09.04.2021 09:28:32.319 GMT+0100,3506.467,3501.82,0.02,0.02
09.04.2021 09:28:32.501 GMT+0100,3507.221,3502.5740000000005,0.02,0.02
09.04.2021 09:28:32.551 GMT+0100,3507.3440000000005,3501.6150000000002,0.02,0.02
09.04.2021 09:28:33.238 GMT+0100,3507.3440000000005,3502.6150000000002,0.02,0.0075
09.04.2021 09:28:40.569 GMT+0100,3507.262,3501.738,0.02,0.02
09.04.2021 09:28:40.721 GMT+0100,3507.221,3502.533,0.02,0.0075
09.04.2021 09:28:42.145 GMT+0100,3507.467,3501.82,0.02,0.02
09.04.2021 09:28:46.343 GMT+0100,3507.426,3502.697,0.02,0.0075
09.04.2021 09:28:56.963 GMT+0100,3506.262,3502.6150000000002,0.02,0.02
09.04.2021 09:28:57.013 GMT+0100,3506.221,3501.451,0.02,0.02
09.04.2021 09:28:58.349 GMT+0100,3505,3501.533,0.02,0.02
09.04.2021 09:29:19.389 GMT+0100,3505.467,3500.82,0.02,0.02
09.04.2021 09:29:19.440 GMT+0100,3504.262,3500.656,0.02,0.02
09.04.2021 09:30:01.622 GMT+0100,3504.385,3501.492,0.02,0.02
09.04.2021 09:30:02.107 GMT+0100,3506.5490000000004,3502.697,0.02,0.0075
09.04.2021 09:30:02.207 GMT+0100,3509,3504.492,0.02,0.02
09.04.2021 09:30:02.434 GMT+0100,3507.426,3504.492,0.0075,0.02
09.04.2021 09:30:02.535 GMT+0100,3508.385,3504.738,0.02,0.02
09.04.2021 09:30:02.946 GMT+0100,3508.262,3503.738,0.02,0.02
09.04.2021 09:30:03.044 GMT+0100,3508.385,3504.492,0.0075,0.0075
09.04.2021 09:30:03.095 GMT+0100,3509.508,3504.451,0.02,0.02
09.04.2021 09:30:12.675 GMT+0100,3510.385,3505.656,0.02,0.02
09.04.2021 09:30:12.796 GMT+0100,3510.221,3504.5740000000005,0.02,0.02
09.04.2021 09:30:14.563 GMT+0100,3510.1800000000003,3506,0.02,0.0075
09.04.2021 09:30:24.701 GMT+0100,3509.5490000000004,3505.492,0.0075,0.0075
09.04.2021 09:30:24.751 GMT+0100,3509.262,3504.533,0.02,0.02
09.04.2021 09:30:29.617 GMT+0100,3510.508,3504.738,0.02,0.02
09.04.2021 09:30:44.466 GMT+0100,3510.385,3505.7790000000005,0.02,0.0075
09.04.2021 09:31:02.856 GMT+0100,3509.508,3505.451,0.0075,0.02
09.04.2021 09:31:05.046 GMT+0100,3510.1800000000003,3505.533,0.02,0.02
09.04.2021 09:31:05.211 GMT+0100,3509.5490000000004,3505.82,0.0075,0.02
09.04.2021 09:31:06.451 GMT+0100,3509.467,3504.7790000000005,0.02,0.02
09.04.2021 09:31:06.502 GMT+0100,3508.467,3503.82,0.02,0.02
09.04.2021 09:31:09.812 GMT+0100,3507.5490000000004,3503.82,0.0075,0.0075
09.04.2021 09:31:09.862 GMT+0100,3507,3503,0.02,0.02
09.04.2021 09:31:09.912 GMT+0100,3508.426,3503.492,0.02,0.02
09.04.2021 09:31:09.967 GMT+0100,3508.467,3502.656,0.02,0.02
09.04.2021 09:31:10.304 GMT+0100,3505.1800000000003,3502.451,0.0075,0.0075
09.04.2021 09:31:10.354 GMT+0100,3505.5490000000004,3501.451,0.02,0.02
09.04.2021 09:31:17.556 GMT+0100,3504.3440000000005,3499.656,0.02,0.02
09.04.2021 09:31:25.076 GMT+0100,3503.385,3499.492,0.0075,0.02
09.04.2021 09:31:32.785 GMT+0100,3503.303,3497.656,0.02,0.02
09.04.2021 09:31:34.184 GMT+0100,3502.1800000000003,3497.7790000000005,0.02,0.02
09.04.2021 09:31:34.906 GMT+0100,3501.3440000000005,3497.7790000000005,0.0075,0.02
09.04.2021 09:31:34.957 GMT+0100,3501.1800000000003,3496.6150000000002,0.02,0.02
09.04.2021 09:31:39.837 GMT+0100,3502.467,3497.656,0.02,0.02
09.04.2021 09:31:40.064 GMT+0100,3501.1800000000003,3496.533,0.02,0.02
09.04.2021 09:31:42.360 GMT+0100,3501.262,3495.656,0.02,0.02
09.04.2021 09:31:50.532 GMT+0100,3499.508,3495.5740000000005,0.02,0.02
09.04.2021 09:32:26.306 GMT+0100,3499.221,3493.82,0.02,0.02
09.04.2021 09:32:26.532 GMT+0100,3499.508,3495,0.02,0.0075
09.04.2021 09:32:40.522 GMT+0100,3498.3440000000005,3494.451,0.0075,0.02
09.04.2021 09:32:40.691 GMT+0100,3497.426,3494.492,0.0075,0.02
09.04.2021 09:32:55.808 GMT+0100,3497.5490000000004,3493.5740000000005,0.02,0.02
09.04.2021 09:33:12.669 GMT+0100,3496.5490000000004,3491.82,0.02,0.02
09.04.2021 09:33:20.746 GMT+0100,3495.508,3491.82,0.0075,0.02
09.04.2021 09:33:22.013 GMT+0100,3495.262,3490.738,0.02,0.02
09.04.2021 09:33:23.118 GMT+0100,3495.508,3489.492,0.02,0.02
09.04.2021 09:33:24.552 GMT+0100,3493.1800000000003,3488.492,0.02,0.02
09.04.2021 09:33:24.672 GMT+0100,3493.5490000000004,3489.533,0.0075,0.0075
09.04.2021 09:33:24.723 GMT+0100,3495.467,3489.82,0.02,0.02
09.04.2021 09:33:27.780 GMT+0100,3494.5490000000004,3489.6150000000002,0.0075,0.02
09.04.2021 09:33:29.060 GMT+0100,3494.5490000000004,3488.697,0.02,0.02
09.04.2021 09:33:32.939 GMT+0100,3492,3488.533,0.0075,0.0075
09.04.2021 09:33:32.990 GMT+0100,3492.1800000000003,3487.656,0.02,0.02
09.04.2021 09:33:38.934 GMT+0100,3492.221,3486.7790000000005,0.02,0.02
09.04.2021 09:33:42.378 GMT+0100,3491.508,3486.492,0.0075,0.02
09.04.2021 09:33:42.428 GMT+0100,3491.221,3485.82,0.02,0.02
09.04.2021 09:33:44.913 GMT+0100,3490.467,3485.656,0.0075,0.02
09.04.2021 09:33:49.152 GMT+0100,3489.221,3485.492,0.0075,0.02
09.04.2021 09:33:50.908 GMT+0100,3488.385,3485.738,0.0075,0.0075
09.04.2021 09:33:50.958 GMT+0100,3488.5490000000004,3484.533,0.02,0.02
09.04.2021 09:33:53.322 GMT+0100,3488.3440000000005,3483.697,0.02,0.02
09.04.2021 09:33:54.004 GMT+0100,3488.5490000000004,3487.82,0.0075,0.0075
09.04.2021 09:33:54.055 GMT+0100,3492.5490000000004,3487.6150000000002,0.02,0.02
09.04.2021 09:34:00.757 GMT+0100,3492.221,3485.492,0.02,0.02
09.04.2021 09:34:01.356 GMT+0100,3492.1800000000003,3486.82,0.02,0.0075
09.04.2021 09:34:04.543 GMT+0100,3491.221,3486.533,0.0075,0.02
09.04.2021 09:34:05.073 GMT+0100,3491.221,3487.5740000000005,0.0075,0.0075
09.04.2021 09:34:05.123 GMT+0100,3492.303,3487.492,0.02,0.02
09.04.2021 09:34:06.398 GMT+0100,3491.221,3487.492,0.0075,0.02
09.04.2021 09:34:08.006 GMT+0100,3490.1800000000003,3487.656,0.02,0.02
09.04.2021 09:34:12.912 GMT+0100,3490.221,3486.7790000000005,0.02,0.02
09.04.2021 09:34:13.813 GMT+0100,3490.262,3487.5740000000005,0.02,0.0075
09.04.2021 09:34:14.018 GMT+0100,3490.221,3486.5740000000005,0.02,0.02
09.04.2021 09:34:20.114 GMT+0100,3491.426,3486.5740000000005,0.02,0.02
09.04.2021 09:34:20.604 GMT+0100,3491,3487.7790000000005,0.02,0.0075
09.04.2021 09:34:21.366 GMT+0100,3492.3440000000005,3488,0.02,0.02
09.04.2021 09:34:25.560 GMT+0100,3490.303,3487.738,0.0075,0.02
09.04.2021 09:34:25.661 GMT+0100,3492.3440000000005,3488,0.02,0.02
09.04.2021 09:34:33.268 GMT+0100,3491.262,3487.5740000000005,0.02,0.02
09.04.2021 09:34:34.751 GMT+0100,3489.221,3487.656,0.0075,0.0075
09.04.2021 09:34:34.801 GMT+0100,3489.262,3486.7790000000005,0.02,0.02
09.04.2021 09:34:34.872 GMT+0100,3491.508,3486.697,0.02,0.02
09.04.2021 09:34:36.804 GMT+0100,3490.426,3487.738,0.02,0.02
09.04.2021 09:34:36.962 GMT+0100,3490.3440000000005,3486.5740000000005,0.02,0.02
09.04.2021 09:34:43.188 GMT+0100,3489.1800000000003,3485.533,0.02,0.02
09.04.2021 09:34:45.353 GMT+0100,3488,3485.697,0.0075,0.02
09.04.2021 09:34:45.404 GMT+0100,3490.508,3485.7790000000005,0.02,0.02
09.04.2021 09:34:48.197 GMT+0100,3489.221,3485.451,0.0075,0.0075
09.04.2021 09:34:48.247 GMT+0100,3489.262,3484.533,0.02,0.02
09.04.2021 09:34:48.297 GMT+0100,3489.385,3485.5740000000005,0.02,0.02
09.04.2021 09:34:48.405 GMT+0100,3490.262,3485.533,0.02,0.02
09.04.2021 09:34:53.061 GMT+0100,3490.262,3484.697,0.02,0.02
09.04.2021 09:34:55.922 GMT+0100,3489.5490000000004,3485,0.02,0.02
09.04.2021 09:34:56.039 GMT+0100,3490.508,3484.656,0.02,0.02
09.04.2021 09:34:56.119 GMT+0100,3490.221,3485.6150000000002,0.02,0.0075
09.04.2021 09:34:58.324 GMT+0100,3490.3440000000005,3486.492,0.02,0.02
09.04.2021 09:35:00.560 GMT+0100,3489.426,3486.451,0.02,0.02
09.04.2021 09:35:04.341 GMT+0100,3490.385,3486.533,0.02,0.02
09.04.2021 09:35:05.324 GMT+0100,3490.508,3487.7790000000005,0.0075,0.0075
09.04.2021 09:35:05.374 GMT+0100,3492.1800000000003,3487.6150000000002,0.02,0.02
09.04.2021 09:35:05.642 GMT+0100,3492.3440000000005,3488.82,0.02,0.02
09.04.2021 09:35:05.763 GMT+0100,3492.262,3489.492,0.02,0.02
09.04.2021 09:35:05.906 GMT+0100,3492.467,3489,0.02,0.02
09.04.2021 09:35:06.773 GMT+0100,3492.262,3489.697,0.02,0.0075
09.04.2021 09:35:10.065 GMT+0100,3492.1800000000003,3488.82,0.02,0.02
09.04.2021 09:35:10.128 GMT+0100,3491.221,3489,0.0075,0.02
09.04.2021 09:35:11.155 GMT+0100,3492.1800000000003,3488.82,0.02,0.02
09.04.2021 09:35:11.783 GMT+0100,3490.262,3486.492,0.02,0.02
09.04.2021 09:35:11.910 GMT+0100,3492.1800000000003,3487.7790000000005,0.02,0.02
09.04.2021 09:35:12.570 GMT+0100,3492.385,3486.451,0.02,0.02
09.04.2021 09:35:14.118 GMT+0100,3491.467,3486.738,0.0075,0.02
09.04.2021 09:35:14.168 GMT+0100,3492.5490000000004,3486.738,0.02,0.02
09.04.2021 09:35:14.219 GMT+0100,3491.5490000000004,3486.738,0.02,0.02
09.04.2021 09:35:16.165 GMT+0100,3490.5490000000004,3486.7790000000005,0.0075,0.02
09.04.2021 09:35:19.598 GMT+0100,3491.426,3486.82,0.02,0.02
09.04.2021 09:35:27.924 GMT+0100,3491.1800000000003,3487.533,0.02,0.02
09.04.2021 09:35:27.974 GMT+0100,3492,3487.492,0.02,0.02
09.04.2021 09:35:29.176 GMT+0100,3492,3489,0.0075,0.0075
09.04.2021 09:35:29.227 GMT+0100,3494.221,3488.492,0.02,0.02
09.04.2021 09:35:30.102 GMT+0100,3495.426,3489.738,0.02,0.02
09.04.2021 09:35:30.152 GMT+0100,3497.426,3491,0.02,0.02
09.04.2021 09:35:31.680 GMT+0100,3497.262,3492.6150000000002,0.02,0.02
09.04.2021 09:35:39.933 GMT+0100,3497.262,3493.451,0.02,0.0075
09.04.2021 09:35:43.647 GMT+0100,3497.1800000000003,3492.5740000000005,0.02,0.02
09.04.2021 09:35:59.962 GMT+0100,3497.426,3493.6150000000002,0.02,0.0075
09.04.2021 09:36:05.781 GMT+0100,3497.221,3494.656,0.02,0.0075
09.04.2021 09:36:10.164 GMT+0100,3501.303,3495.533,0.02,0.02
09.04.2021 09:36:10.214 GMT+0100,3501.385,3496.5740000000005,0.02,0.02
09.04.2021 09:36:10.401 GMT+0100,3500.385,3496.533,0.0075,0.02
09.04.2021 09:36:10.501 GMT+0100,3501.385,3496.6150000000002,0.02,0.02
09.04.2021 09:36:23.084 GMT+0100,3502.508,3498.533,0.02,0.02
09.04.2021 09:36:29.398 GMT+0100,3504.1800000000003,3499.6150000000002,0.02,0.02
09.04.2021 09:36:29.460 GMT+0100,3503.467,3499.492,0.0075,0.0075
09.04.2021 09:36:29.511 GMT+0100,3503.5490000000004,3498.533,0.02,0.02
09.04.2021 09:36:41.282 GMT+0100,3504,3498.738,0.02,0.02
09.04.2021 09:36:58.105 GMT+0100,3503.467,3498.697,0.02,0.02
09.04.2021 09:36:58.210 GMT+0100,3502.426,3497.738,0.02,0.02
09.04.2021 09:36:58.310 GMT+0100,3502.426,3496.738,0.02,0.02
09.04.2021 09:37:01.123 GMT+0100,3503.508,3498,0.02,0.02
09.04.2021 09:37:01.260 GMT+0100,3502.3440000000005,3497.738,0.02,0.02
09.04.2021 09:37:06.739 GMT+0100,3503.3440000000005,3497.7790000000005,0.02,0.02
09.04.2021 09:37:29.586 GMT+0100,3504.1800000000003,3498.451,0.02,0.02
09.04.2021 09:37:58.159 GMT+0100,3504.385,3497.533,0.02,0.02
09.04.2021 09:38:04.629 GMT+0100,3504.303,3499.738,0.02,0.0075
09.04.2021 09:38:30.676 GMT+0100,3504.221,3500.451,0.02,0.0075
09.04.2021 09:39:11.124 GMT+0100,3502.467,3500.738,0.0075,0.0075
09.04.2021 09:39:11.175 GMT+0100,3503.467,3499.7790000000005,0.02,0.02
09.04.2021 09:39:14.728 GMT+0100,3504,3499.533,0.02,0.02
09.04.2021 09:39:14.829 GMT+0100,3503.426,3500,0.02,0.02
09.04.2021 09:39:19.848 GMT+0100,3504.426,3499.7790000000005,0.02,0.02
09.04.2021 09:39:22.908 GMT+0100,3504.262,3500.82,0.02,0.0075
09.04.2021 09:39:24.860 GMT+0100,3503.508,3500.492,0.0075,0.0075
09.04.2021 09:39:24.911 GMT+0100,3503.221,3499.533,0.02,0.02
09.04.2021 09:39:29.107 GMT+0100,3502.303,3499.492,0.02,0.02
09.04.2021 09:39:29.167 GMT+0100,3503,3499.82,0.02,0.02
09.04.2021 09:39:39.721 GMT+0100,3501.426,3499.6150000000002,0.0075,0.0075
09.04.2021 09:39:39.772 GMT+0100,3501,3497.82,0.02,0.02
09.04.2021 09:39:46.804 GMT+0100,3502.426,3497.738,0.02,0.02
09.04.2021 09:39:52.836 GMT+0100,3501.5490000000004,3497.697,0.0075,0.02
09.04.2021 09:39:52.887 GMT+0100,3501.221,3496.7790000000005,0.02,0.02
09.04.2021 09:39:52.970 GMT+0100,3500.3440000000005,3496.738,0.0075,0.02
09.04.2021 09:40:17.485 GMT+0100,3499.385,3496.82,0.0075,0.02
09.04.2021 09:40:19.315 GMT+0100,3498.1800000000003,3495.656,0.02,0.0075
09.04.2021 09:40:19.366 GMT+0100,3498.385,3494,0.02,0.02
09.04.2021 09:40:23.497 GMT+0100,3498.303,3494.6150000000002,0.0075,0.0075
09.04.2021 09:40:23.547 GMT+0100,3500.508,3495.533,0.02,0.02
09.04.2021 09:40:35.320 GMT+0100,3500.3440000000005,3496.82,0.0075,0.0075
09.04.2021 09:40:35.370 GMT+0100,3501,3496.451,0.02,0.02
09.04.2021 09:40:35.711 GMT+0100,3501.508,3495.697,0.02,0.02
09.04.2021 09:40:45.685 GMT+0100,3501.467,3496.5740000000005,0.02,0.02
09.04.2021 09:40:57.046 GMT+0100,3501.262,3496,0.02,0.02
09.04.2021 09:41:15.788 GMT+0100,3500.467,3495.533,0.0075,0.02
09.04.2021 09:41:22.644 GMT+0100,3500.262,3497.697,0.02,0.0075
09.04.2021 09:41:23.406 GMT+0100,3501.221,3497.533,0.02,0.02
09.04.2021 09:41:24.997 GMT+0100,3500.5490000000004,3497.82,0.02,0.02
09.04.2021 09:41:45.074 GMT+0100,3499.467,3497.82,0.0075,0.0075
09.04.2021 09:41:45.125 GMT+0100,3499.221,3494.6150000000002,0.02,0.02
09.04.2021 09:41:45.194 GMT+0100,3499.1800000000003,3495.5740000000005,0.0075,0.0075
09.04.2021 09:41:45.244 GMT+0100,3500,3495.738,0.02,0.02
09.04.2021 09:41:46.361 GMT+0100,3500.1800000000003,3494.738,0.02,0.02
09.04.2021 09:41:46.988 GMT+0100,3500.303,3495.697,0.02,0.02
09.04.2021 09:41:55.235 GMT+0100,3500.262,3494.738,0.02,0.02
09.04.2021 09:41:57.068 GMT+0100,3500.508,3495.5740000000005,0.02,0.02
09.04.2021 09:41:58.735 GMT+0100,3500.221,3496.492,0.02,0.02
09.04.2021 09:42:05.697 GMT+0100,3501.3440000000005,3497,0.02,0.02
09.04.2021 09:42:06.214 GMT+0100,3501.5490000000004,3497.656,0.02,0.0075
09.04.2021 09:42:06.774 GMT+0100,3499.221,3497.656,0.0075,0.02
09.04.2021 09:42:06.824 GMT+0100,3501.508,3498,0.02,0.02
09.04.2021 09:42:07.897 GMT+0100,3501.221,3496.451,0.02,0.02
09.04.2021 09:42:07.984 GMT+0100,3500.467,3496.656,0.0075,0.02
09.04.2021 09:42:12.957 GMT+0100,3499,3494.451,0.02,0.02
09.04.2021 09:42:17.425 GMT+0100,3499.5490000000004,3493.451,0.02,0.02
09.04.2021 09:42:17.484 GMT+0100,3497.426,3493.6150000000002,0.0075,0.0075
09.04.2021 09:42:17.535 GMT+0100,3497.1800000000003,3492.738,0.02,0.02
09.04.2021 09:42:20.950 GMT+0100,3495.508,3492.533,0.0075,0.02
09.04.2021 09:42:21.649 GMT+0100,3495,3491.82,0.02,0.02
09.04.2021 09:42:22.558 GMT+0100,3495.385,3492.492,0.02,0.0075
09.04.2021 09:42:22.906 GMT+0100,3495.467,3491.7790000000005,0.02,0.02
09.04.2021 09:42:25.057 GMT+0100,3495.508,3492.5740000000005,0.02,0.0075
09.04.2021 09:42:55.088 GMT+0100,3494.262,3492.492,0.0075,0.02
09.04.2021 09:43:09.622 GMT+0100,3494.5,3493.492,0.0075,0.0075
09.04.2021 09:43:09.673 GMT+0100,3497.1800000000003,3493.738,0.02,0.02
09.04.2021 09:43:09.898 GMT+0100,3497,3492.738,0.02,0.02
09.04.2021 09:43:13.308 GMT+0100,3497.1800000000003,3494,0.02,0.0075
09.04.2021 09:43:19.989 GMT+0100,3497.221,3494.656,0.02,0.02
09.04.2021 09:44:13.133 GMT+0100,3497.467,3495.6150000000002,0.02,0.0075
09.04.2021 09:44:52.403 GMT+0100,3497,3494.738,0.02,0.02
09.04.2021 09:45:20.158 GMT+0100,3499,3494.533,0.02,0.02
09.04.2021 09:45:20.309 GMT+0100,3499.5490000000004,3495.7790000000005,0.02,0.0075
09.04.2021 09:45:21.060 GMT+0100,3499.508,3496.656,0.0075,0.0075
09.04.2021 09:45:21.111 GMT+0100,3500.3440000000005,3496.533,0.02,0.02
09.04.2021 09:45:26.326 GMT+0100,3501.221,3496.82,0.02,0.02
09.04.2021 09:45:47.206 GMT+0100,3500.3440000000005,3496.82,0.02,0.02
09.04.2021 09:46:22.135 GMT+0100,3499,3496.533,0.02,0.02
09.04.2021 09:46:27.061 GMT+0100,3500,3496.82,0.02,0.02
09.04.2021 09:46:37.489 GMT+0100,3499.5490000000004,3496.5740000000005,0.0075,0.02
09.04.2021 09:46:37.590 GMT+0100,3500,3496.492,0.02,0.02
09.04.2021 09:46:52.107 GMT+0100,3501.467,3496.451,0.02,0.02
09.04.2021 09:46:52.157 GMT+0100,3500,3496.738,0.02,0.02
09.04.2021 09:46:53.176 GMT+0100,3501.467,3497,0.02,0.02
09.04.2021 09:46:53.404 GMT+0100,3500.467,3496.697,0.0075,0.02
09.04.2021 09:47:52.393 GMT+0100,3499.508,3497,0.02,0.02
09.04.2021 09:47:52.522 GMT+0100,3500.3440000000005,3496.5740000000005,0.02,0.02
09.04.2021 09:47:58.307 GMT+0100,3499.426,3496.5740000000005,0.0075,0.02
09.04.2021 09:48:10.730 GMT+0100,3500.508,3497,0.02,0.02
09.04.2021 09:48:53.538 GMT+0100,3499.426,3496.82,0.0075,0.02
09.04.2021 09:49:00.373 GMT+0100,3498.467,3496.656,0.0075,0.02
09.04.2021 09:49:01.299 GMT+0100,3498.385,3493.451,0.02,0.02
09.04.2021 09:49:02.406 GMT+0100,3498,3494.492,0.02,0.0075
09.04.2021 09:49:03.339 GMT+0100,3498.508,3495.738,0.02,0.0075
09.04.2021 09:49:03.722 GMT+0100,3498.5490000000004,3494.533,0.02,0.02
09.04.2021 09:49:05.402 GMT+0100,3498.303,3495.533,0.02,0.0075
09.04.2021 09:51:02.772 GMT+0100,3498.5490000000004,3496.533,0.0075,0.0075
09.04.2021 09:51:02.823 GMT+0100,3500.467,3496.656,0.02,0.02
09.04.2021 09:51:02.873 GMT+0100,3499.303,3495.7790000000005,0.02,0.02
09.04.2021 09:51:05.451 GMT+0100,3499.262,3498.738,0.0075,0.0075
09.04.2021 09:51:05.501 GMT+0100,3502.508,3498.738,0.02,0.02
09.04.2021 09:51:05.552 GMT+0100,3501.385,3498.656,0.02,0.02
09.04.2021 09:51:05.672 GMT+0100,3502,3498.738,0.02,0.02
09.04.2021 09:51:06.302 GMT+0100,3503.1800000000003,3498.6150000000002,0.02,0.02
09.04.2021 09:51:07.248 GMT+0100,3502.303,3498.738,0.0075,0.02
09.04.2021 09:51:09.080 GMT+0100,3502.5490000000004,3499.738,0.0075,0.0075
09.04.2021 09:51:09.131 GMT+0100,3503.221,3499.6150000000002,0.02,0.02
09.04.2021 09:51:11.121 GMT+0100,3502.303,3500,0.0075,0.0075
09.04.2021 09:51:11.171 GMT+0100,3502.426,3498.533,0.02,0.02
09.04.2021 09:52:29.505 GMT+0100,3502.385,3499.738,0.02,0.0075
09.04.2021 09:52:29.605 GMT+0100,3503,3499.697,0.02,0.02
09.04.2021 09:52:31.585 GMT+0100,3503.467,3498.656,0.02,0.02
09.04.2021 09:52:40.076 GMT+0100,3503.3440000000005,3499.533,0.02,0.02
09.04.2021 09:52:40.935 GMT+0100,3504.303,3501.697,0.02,0.02
09.04.2021 09:52:41.069 GMT+0100,3505.1800000000003,3501.82,0.02,0.02
09.04.2021 09:52:41.120 GMT+0100,3506.508,3502.738,0.02,0.02
09.04.2021 09:52:41.314 GMT+0100,3506,3501.82,0.02,0.02
09.04.2021 09:52:41.465 GMT+0100,3506.5490000000004,3503.451,0.02,0.0075
09.04.2021 09:52:41.515 GMT+0100,3508.221,3503.5740000000005,0.02,0.02
09.04.2021 09:52:41.957 GMT+0100,3508.467,3505,0.02,0.02
09.04.2021 09:52:45.013 GMT+0100,3507.221,3504.5740000000005,0.0075,0.02
09.04.2021 09:52:50.107 GMT+0100,3508.221,3504.738,0.02,0.02
09.04.2021 09:52:51.236 GMT+0100,3507.3440000000005,3504.82,0.0075,0.02
09.04.2021 09:52:54.115 GMT+0100,3508.385,3504.738,0.02,0.02
09.04.2021 09:54:45.072 GMT+0100,3509.508,3506,0.02,0.02
09.04.2021 09:54:45.123 GMT+0100,3510.3440000000005,3505.82,0.02,0.02
09.04.2021 09:54:45.173 GMT+0100,3511.426,3506.6150000000002,0.02,0.02
09.04.2021 09:54:45.274 GMT+0100,3510.5490000000004,3506.656,0.02,0.02
09.04.2021 09:54:45.435 GMT+0100,3511.1800000000003,3507.533,0.02,0.02
09.04.2021 09:54:45.537 GMT+0100,3512.426,3507.492,0.02,0.02
09.04.2021 09:54:45.969 GMT+0100,3512.3440000000005,3508.533,0.02,0.02
09.04.2021 09:54:46.199 GMT+0100,3513.262,3508.82,0.02,0.02
09.04.2021 09:54:47.668 GMT+0100,3512.508,3508.5740000000005,0.02,0.02
09.04.2021 09:57:10.424 GMT+0100,3514.5490000000004,3509.656,0.02,0.02
09.04.2021 09:57:10.474 GMT+0100,3513.385,3509.6150000000002,0.02,0.02
09.04.2021 09:57:10.948 GMT+0100,3513.5490000000004,3510.492,0.02,0.0075
09.04.2021 09:57:32.252 GMT+0100,3512.1800000000003,3510.738,0.0075,0.0075
09.04.2021 09:57:32.302 GMT+0100,3512.467,3508.533,0.02,0.02
09.04.2021 09:57:32.940 GMT+0100,3513.467,3508.656,0.02,0.02
09.04.2021 09:57:41.068 GMT+0100,3512.262,3508.656,0.0075,0.02
09.04.2021 09:57:50.171 GMT+0100,3513.426,3509.492,0.02,0.02
09.04.2021 09:58:32.270 GMT+0100,3514.262,3509.656,0.02,0.02
09.04.2021 09:58:32.321 GMT+0100,3517.221,3513.82,0.02,0.02
09.04.2021 09:58:44.958 GMT+0100,3518.508,3513.533,0.02,0.02
09.04.2021 09:58:46.413 GMT+0100,3517.426,3513.82,0.02,0.02
09.04.2021 09:58:50.542 GMT+0100,3518.385,3513.82,0.02,0.02
09.04.2021 09:58:54.584 GMT+0100,3517.508,3513.533,0.0075,0.02
09.04.2021 09:59:02.934 GMT+0100,3518.467,3513.656,0.02,0.02
09.04.2021 09:59:25.497 GMT+0100,3517.1800000000003,3513.738,0.0075,0.02
09.04.2021 10:00:05.078 GMT+0100,3517.1800000000003,3512.492,0.02,0.02
09.04.2021 10:00:43.515 GMT+0100,3517.385,3511.82,0.02,0.02
09.04.2021 10:00:44.401 GMT+0100,3517.385,3512.656,0.02,0.0075
09.04.2021 10:00:52.060 GMT+0100,3515.3440000000005,3511.7790000000005,0.02,0.02
09.04.2021 10:01:24.997 GMT+0100,3514.385,3511.7790000000005,0.02,0.02
09.04.2021 10:01:25.106 GMT+0100,3513.221,3509.6150000000002,0.02,0.02
09.04.2021 10:01:25.157 GMT+0100,3514.3440000000005,3509.6150000000002,0.02,0.02
09.04.2021 10:01:25.207 GMT+0100,3513.385,3510,0.02,0.02
09.04.2021 10:01:27.995 GMT+0100,3513.1800000000003,3508.738,0.02,0.02
09.04.2021 10:01:28.046 GMT+0100,3512.508,3508.6150000000002,0.02,0.02
09.04.2021 10:01:36.585 GMT+0100,3512.5490000000004,3507.6150000000002,0.02,0.02
09.04.2021 10:01:36.783 GMT+0100,3512.221,3508.738,0.02,0.02
09.04.2021 10:01:36.910 GMT+0100,3512.3440000000005,3507.451,0.02,0.02
09.04.2021 10:01:38.260 GMT+0100,3512.385,3509,0.02,0.0075
09.04.2021 10:01:51.883 GMT+0100,3513.5490000000004,3508.533,0.02,0.02
09.04.2021 10:01:53.197 GMT+0100,3514.303,3510.492,0.02,0.02
09.04.2021 10:02:07.558 GMT+0100,3515.262,3510.451,0.02,0.02
09.04.2021 10:02:07.659 GMT+0100,3514.262,3510.451,0.02,0.02
09.04.2021 10:04:51.260 GMT+0100,3513.303,3511,0.01,0.01
09.04.2021 10:04:51.361 GMT+0100,3514.426,3510.82,0.02,0.02
09.04.2021 10:04:51.862 GMT+0100,3514.508,3510,0.02,0.02
09.04.2021 10:04:51.912 GMT+0100,3513.3440000000005,3509.5740000000005,0.02,0.02
09.04.2021 10:05:25.350 GMT+0100,3512.303,3510,0.0075,0.02
09.04.2021 10:05:31.855 GMT+0100,3512,3508.697,0.02,0.02
09.04.2021 10:05:32.456 GMT+0100,3512.1800000000003,3509.6150000000002,0.02,0.0075
09.04.2021 10:05:51.868 GMT+0100,3511.426,3509.7790000000005,0.0075,0.02
09.04.2021 10:05:57.501 GMT+0100,3511.3440000000005,3507.6150000000002,0.02,0.02
09.04.2021 10:06:07.735 GMT+0100,3511.385,3506.7790000000005,0.02,0.02
09.04.2021 10:06:07.828 GMT+0100,3510.303,3506.697,0.0075,0.02
09.04.2021 10:06:13.790 GMT+0100,3511,3506.656,0.02,0.02
09.04.2021 10:07:00.746 GMT+0100,3511.426,3508,0.02,0.0075
09.04.2021 10:07:34.606 GMT+0100,3511.221,3508.492,0.02,0.0075
09.04.2021 10:08:49.209 GMT+0100,3511.303,3507.7790000000005,0.02,0.02
09.04.2021 10:08:49.268 GMT+0100,3510,3507.82,0.02,0.02
09.04.2021 10:09:18.007 GMT+0100,3511.426,3508.5740000000005,0.02,0.02
09.04.2021 10:09:18.151 GMT+0100,3512.426,3508.6150000000002,0.02,0.02
09.04.2021 10:09:19.867 GMT+0100,3511.1800000000003,3509,0.0075,0.02
09.04.2021 10:10:10.613 GMT+0100,3510.385,3505.6150000000002,0.02,0.02
09.04.2021 10:10:27.617 GMT+0100,3509.303,3505.533,0.0075,0.02
09.04.2021 10:10:27.718 GMT+0100,3508.303,3504.533,0.02,0.02
09.04.2021 10:10:27.850 GMT+0100,3509.508,3504.738,0.02,0.02
09.04.2021 10:10:27.900 GMT+0100,3508.3440000000005,3504.533,0.02,0.02
09.04.2021 10:10:29.098 GMT+0100,3508.5490000000004,3505.492,0.02,0.0075
09.04.2021 10:10:42.576 GMT+0100,3507.262,3505.738,0.0075,0.0075
09.04.2021 10:10:42.626 GMT+0100,3507.426,3502.656,0.02,0.02
09.04.2021 10:10:42.801 GMT+0100,3506.1800000000003,3503,0.0075,0.02
09.04.2021 10:11:22.719 GMT+0100,3506.385,3501.5740000000005,0.02,0.02
09.04.2021 10:11:30.630 GMT+0100,3505.467,3501.5740000000005,0.02,0.02
09.04.2021 10:11:40.601 GMT+0100,3504.5490000000004,3501.451,0.02,0.02
09.04.2021 10:11:51.476 GMT+0100,3503.221,3501.451,0.0075,0.0075
09.04.2021 10:11:51.527 GMT+0100,3503.385,3499.697,0.02,0.02
09.04.2021 10:12:02.247 GMT+0100,3503.1800000000003,3498.697,0.02,0.02
09.04.2021 10:12:10.981 GMT+0100,3502.221,3498.533,0.02,0.02
09.04.2021 10:12:11.656 GMT+0100,3501.426,3498.82,0.0075,0.02
09.04.2021 10:12:11.910 GMT+0100,3502.3440000000005,3498.7790000000005,0.02,0.02
09.04.2021 10:12:24.083 GMT+0100,3501.262,3498.5740000000005,0.0075,0.02
09.04.2021 10:12:24.247 GMT+0100,3502.5490000000004,3498.82,0.02,0.02
09.04.2021 10:12:36.273 GMT+0100,3501.385,3499,0.0075,0.0075
09.04.2021 10:12:36.324 GMT+0100,3501.5490000000004,3497.492,0.02,0.02
09.04.2021 10:12:38.410 GMT+0100,3502.262,3497.451,0.02,0.02
09.04.2021 10:12:39.363 GMT+0100,3501.5490000000004,3497.533,0.02,0.02
09.04.2021 10:12:39.725 GMT+0100,3502.262,3497.738,0.02,0.02
09.04.2021 10:12:39.776 GMT+0100,3501,3498,0.02,0.02
09.04.2021 10:12:41.398 GMT+0100,3501.1800000000003,3498.82,0.02,0.0075
09.04.2021 10:12:41.499 GMT+0100,3501.385,3497.7790000000005,0.02,0.02
09.04.2021 10:13:05.615 GMT+0100,3501.221,3498.738,0.02,0.0075
09.04.2021 10:13:05.716 GMT+0100,3503.221,3498.7790000000005,0.02,0.02
09.04.2021 10:13:06.320 GMT+0100,3503.262,3500,0.02,0.0075
09.04.2021 10:13:06.421 GMT+0100,3503,3498.533,0.02,0.02
09.04.2021 10:13:07.273 GMT+0100,3502,3498.533,0.0075,0.02
09.04.2021 10:13:17.072 GMT+0100,3502.467,3499.492,0.02,0.0075
09.04.2021 10:13:17.173 GMT+0100,3502.508,3498.7790000000005,0.02,0.02
09.04.2021 10:13:26.563 GMT+0100,3502.385,3499.7790000000005,0.02,0.0075
09.04.2021 10:14:13.199 GMT+0100,3502.3440000000005,3500.697,0.02,0.02
09.04.2021 10:14:24.645 GMT+0100,3503.467,3500.5740000000005,0.02,0.02
09.04.2021 10:14:26.951 GMT+0100,3503.508,3501.697,0.02,0.0075
09.04.2021 10:14:27.051 GMT+0100,3502.3440000000005,3498.656,0.02,0.02
09.04.2021 10:14:27.102 GMT+0100,3503.426,3498.656,0.02,0.02
09.04.2021 10:14:27.152 GMT+0100,3503.262,3499.82,0.02,0.02
09.04.2021 10:14:40.656 GMT+0100,3503.385,3500.82,0.02,0.0075
09.04.2021 10:14:40.757 GMT+0100,3503.5490000000004,3499.656,0.02,0.02
09.04.2021 10:14:41.090 GMT+0100,3503.262,3500.533,0.02,0.02
09.04.2021 10:15:01.631 GMT+0100,3502.262,3499.451,0.02,0.02
09.04.2021 10:15:01.769 GMT+0100,3503.303,3499.492,0.02,0.02
09.04.2021 10:15:02.529 GMT+0100,3503.221,3498.738,0.02,0.02
09.04.2021 10:15:19.590 GMT+0100,3503.5490000000004,3499.7790000000005,0.02,0.0075
09.04.2021 10:15:21.860 GMT+0100,3503.221,3500.738,0.02,0.02
09.04.2021 10:15:21.923 GMT+0100,3503.221,3499.533,0.02,0.02
09.04.2021 10:15:36.064 GMT+0100,3503.1800000000003,3500.7790000000005,0.02,0.0075
09.04.2021 10:16:07.558 GMT+0100,3502.467,3497.7790000000005,0.02,0.02
09.04.2021 10:16:07.769 GMT+0100,3500.262,3498,0.0075,0.0075
09.04.2021 10:16:07.819 GMT+0100,3500.1800000000003,3496.7790000000005,0.02,0.02
09.04.2021 10:16:16.312 GMT+0100,3500.3440000000005,3495.533,0.02,0.02
09.04.2021 10:16:21.708 GMT+0100,3499.262,3495.738,0.02,0.02
09.04.2021 10:16:37.698 GMT+0100,3499.262,3496.697,0.02,0.02
09.04.2021 10:16:37.806 GMT+0100,3499.303,3496,0.02,0.02
09.04.2021 10:17:24.056 GMT+0100,3499.508,3496.656,0.02,0.0075
09.04.2021 10:18:47.606 GMT+0100,3500,3496.656,0.02,0.02
09.04.2021 10:18:48.197 GMT+0100,3500,3497.533,0.02,0.0075
09.04.2021 10:19:01.954 GMT+0100,3501.385,3497.7790000000005,0.02,0.02
09.04.2021 10:20:25.064 GMT+0100,3500.303,3497.656,0.0075,0.02
09.04.2021 10:20:27.206 GMT+0100,3501.303,3497.6150000000002,0.02,0.02
09.04.2021 10:21:03.556 GMT+0100,3500.303,3497.738,0.02,0.02
09.04.2021 10:21:21.139 GMT+0100,3501.467,3497.451,0.02,0.02
09.04.2021 10:21:47.330 GMT+0100,3500.262,3497.656,0.0075,0.02
09.04.2021 10:21:47.431 GMT+0100,3501.1800000000003,3498,0.02,0.02
09.04.2021 10:21:50.468 GMT+0100,3500.508,3497.7790000000005,0.0075,0.02
09.04.2021 10:21:55.268 GMT+0100,3501.467,3497.656,0.02,0.02
09.04.2021 10:22:04.673 GMT+0100,3498.385,3497.656,0.0075,0.0075
09.04.2021 10:22:04.723 GMT+0100,3498.385,3494.7790000000005,0.02,0.02
09.04.2021 10:22:04.916 GMT+0100,3497.467,3494.5740000000005,0.0075,0.0075
09.04.2021 10:22:04.967 GMT+0100,3497.508,3493.492,0.02,0.02
09.04.2021 10:22:05.017 GMT+0100,3497.385,3494.451,0.02,0.02
09.04.2021 10:22:05.098 GMT+0100,3497,3493.492,0.02,0.02
09.04.2021 10:22:06.123 GMT+0100,3497.5490000000004,3495.697,0.0075,0.0075
09.04.2021 10:22:06.173 GMT+0100,3500.303,3496,0.02,0.02
09.04.2021 10:22:06.500 GMT+0100,3500.5490000000004,3496.656,0.02,0.0075
09.04.2021 10:22:19.509 GMT+0100,3499,3496.533,0.0075,0.0075
09.04.2021 10:22:19.560 GMT+0100,3499.262,3495.697,0.02,0.02
09.04.2021 10:22:20.129 GMT+0100,3500.262,3495.656,0.02,0.02
09.04.2021 10:22:22.843 GMT+0100,3498.467,3495.7790000000005,0.0075,0.02
09.04.2021 10:22:27.889 GMT+0100,3497.303,3496,0.0075,0.0075
09.04.2021 10:22:27.939 GMT+0100,3497.1800000000003,3493.451,0.02,0.02
09.04.2021 10:22:40.574 GMT+0100,3496.5490000000004,3491.697,0.02,0.02
09.04.2021 10:22:47.596 GMT+0100,3495.262,3491.697,0.0075,0.02
09.04.2021 10:22:50.532 GMT+0100,3494.467,3490.492,0.02,0.02
09.04.2021 10:22:50.706 GMT+0100,3495.467,3490.7790000000005,0.02,0.02
09.04.2021 10:22:55.030 GMT+0100,3494.5490000000004,3490.656,0.02,0.02
09.04.2021 10:22:55.080 GMT+0100,3495.3440000000005,3490.697,0.02,0.02
09.04.2021 10:22:59.351 GMT+0100,3494.385,3489.656,0.02,0.02
09.04.2021 10:22:59.668 GMT+0100,3492.262,3490,0.0075,0.02
09.04.2021 10:22:59.718 GMT+0100,3493.5490000000004,3489.7790000000005,0.02,0.02
09.04.2021 10:22:59.769 GMT+0100,3494.5490000000004,3489.738,0.02,0.02
09.04.2021 10:23:01.367 GMT+0100,3493.5490000000004,3489.533,0.0075,0.02
09.04.2021 10:23:04.856 GMT+0100,3492.5490000000004,3489.697,0.0075,0.02
09.04.2021 10:23:04.957 GMT+0100,3493.508,3489.6150000000002,0.02,0.02
09.04.2021 10:23:10.459 GMT+0100,3493.1800000000003,3489,0.02,0.02
09.04.2021 10:23:15.613 GMT+0100,3493.303,3489.6150000000002,0.0075,0.0075
09.04.2021 10:23:15.663 GMT+0100,3494.303,3489.738,0.02,0.02
09.04.2021 10:23:15.714 GMT+0100,3493.3440000000005,3488.533,0.02,0.02
09.04.2021 10:23:23.392 GMT+0100,3493.303,3489.697,0.02,0.0075
09.04.2021 10:23:23.501 GMT+0100,3492,3489.492,0.0075,0.0075
09.04.2021 10:23:23.551 GMT+0100,3492.3440000000005,3488.5740000000005,0.02,0.02
09.04.2021 10:23:28.752 GMT+0100,3492.303,3487.6150000000002,0.02,0.02
09.04.2021 10:23:28.803 GMT+0100,3491.221,3486.7790000000005,0.02,0.02
09.04.2021 10:23:28.942 GMT+0100,3492.5490000000004,3487,0.02,0.02
09.04.2021 10:23:31.708 GMT+0100,3492.5490000000004,3487.533,0.02,0.0075
09.04.2021 10:23:32.444 GMT+0100,3490.385,3485.7790000000005,0.02,0.02
09.04.2021 10:23:32.554 GMT+0100,3490.221,3486.451,0.0075,0.02
09.04.2021 10:23:35.451 GMT+0100,3490.467,3487.492,0.02,0.0075
09.04.2021 10:23:35.612 GMT+0100,3490.5490000000004,3486.7790000000005,0.02,0.02
09.04.2021 10:23:41.112 GMT+0100,3489.385,3487,0.0075,0.02
09.04.2021 10:23:43.060 GMT+0100,3488.467,3487,0.0075,0.0075
09.04.2021 10:23:43.111 GMT+0100,3488.303,3485.82,0.02,0.02
09.04.2021 10:23:43.162 GMT+0100,3489.1800000000003,3485.533,0.02,0.02
09.04.2021 10:23:45.766 GMT+0100,3489.5490000000004,3485,0.02,0.02
09.04.2021 10:23:45.817 GMT+0100,3488.385,3484.656,0.02,0.02
09.04.2021 10:23:45.867 GMT+0100,3489.303,3484.697,0.02,0.02
09.04.2021 10:23:53.085 GMT+0100,3489.467,3485.656,0.02,0.02
09.04.2021 10:24:03.410 GMT+0100,3489.385,3486.5740000000005,0.0075,0.0075
09.04.2021 10:24:03.461 GMT+0100,3491.467,3486.7790000000005,0.02,0.02
09.04.2021 10:24:03.511 GMT+0100,3492,3488,0.02,0.02
09.04.2021 10:24:03.944 GMT+0100,3492.262,3488.7790000000005,0.02,0.0075
09.04.2021 10:24:03.995 GMT+0100,3493.262,3488.82,0.02,0.02
09.04.2021 10:25:07.531 GMT+0100,3494.508,3489.7790000000005,0.02,0.02
09.04.2021 10:25:08.401 GMT+0100,3494.3440000000005,3490.451,0.02,0.02
09.04.2021 10:25:08.510 GMT+0100,3495.1800000000003,3490.656,0.02,0.02
09.04.2021 10:25:18.111 GMT+0100,3495.1800000000003,3491.533,0.02,0.02
09.04.2021 10:25:20.820 GMT+0100,3495.426,3492.492,0.02,0.0075
09.04.2021 10:25:29.081 GMT+0100,3494.221,3493,0.0075,0.0075
09.04.2021 10:25:29.131 GMT+0100,3494.467,3491,0.02,0.02
09.04.2021 10:25:44.922 GMT+0100,3495.3440000000005,3490.5740000000005,0.02,0.02
09.04.2021 10:25:52.194 GMT+0100,3495.1800000000003,3491.82,0.02,0.0075
09.04.2021 10:26:01.356 GMT+0100,3495.5490000000004,3490.492,0.02,0.02
09.04.2021 10:26:14.474 GMT+0100,3495.1800000000003,3491.82,0.02,0.02
09.04.2021 10:26:38.809 GMT+0100,3495.221,3490.492,0.02,0.02
09.04.2021 10:26:43.737 GMT+0100,3495.385,3491.451,0.02,0.0075
09.04.2021 10:26:52.997 GMT+0100,3495.221,3492.82,0.02,0.02
09.04.2021 10:27:17.681 GMT+0100,3496.385,3492.7790000000005,0.02,0.02
09.04.2021 10:27:42.511 GMT+0100,3497.5490000000004,3492.6150000000002,0.02,0.02
09.04.2021 10:27:59.140 GMT+0100,3496,3493,0.0075,0.02
09.04.2021 10:28:12.532 GMT+0100,3497.426,3492.7790000000005,0.02,0.02
09.04.2021 10:28:12.660 GMT+0100,3496.385,3493,0.0075,0.02
09.04.2021 10:29:14.766 GMT+0100,3496.303,3493.533,0.0075,0.0075
09.04.2021 10:29:14.817 GMT+0100,3499,3495.7790000000005,0.02,0.02
09.04.2021 10:29:14.867 GMT+0100,3498.303,3495.5740000000005,0.02,0.02
09.04.2021 10:29:14.968 GMT+0100,3499.1800000000003,3495.533,0.02,0.02
09.04.2021 10:29:19.072 GMT+0100,3499.5490000000004,3496.7790000000005,0.0075,0.0075
09.04.2021 10:29:19.122 GMT+0100,3500.1800000000003,3497,0.02,0.02
09.04.2021 10:29:24.415 GMT+0100,3499.303,3496.451,0.0075,0.02
09.04.2021 10:29:24.583 GMT+0100,3500.5490000000004,3496.533,0.02,0.02
09.04.2021 10:30:04.531 GMT+0100,3499.467,3496.697,0.0075,0.02
09.04.2021 10:30:04.632 GMT+0100,3500.303,3496.697,0.02,0.02
09.04.2021 10:30:06.562 GMT+0100,3499.221,3496.738,0.0075,0.02
09.04.2021 10:30:06.663 GMT+0100,3500.5490000000004,3496.533,0.02,0.02
09.04.2021 10:30:17.880 GMT+0100,3501.508,3496.656,0.02,0.02
09.04.2021 10:30:17.930 GMT+0100,3500.1800000000003,3496.492,0.02,0.02
09.04.2021 10:30:18.960 GMT+0100,3501.385,3496.82,0.02,0.02
09.04.2021 10:30:31.076 GMT+0100,3501.221,3498,0.02,0.0075
09.04.2021 10:30:31.177 GMT+0100,3501.221,3497,0.02,0.02
09.04.2021 10:30:32.076 GMT+0100,3501,3497.82,0.02,0.0075
09.04.2021 10:30:49.289 GMT+0100,3500.467,3497.697,0.02,0.02
09.04.2021 10:30:51.106 GMT+0100,3501.3440000000005,3497.656,0.02,0.02
09.04.2021 10:30:51.904 GMT+0100,3500.5490000000004,3497.656,0.0075,0.02
09.04.2021 10:30:54.428 GMT+0100,3501.508,3497.451,0.02,0.02
09.04.2021 10:32:00.256 GMT+0100,3499.467,3497.738,0.02,0.02
09.04.2021 10:32:04.456 GMT+0100,3500,3498,0.02,0.02
09.04.2021 10:32:32.076 GMT+0100,3500.221,3496.533,0.02,0.02
09.04.2021 10:32:49.099 GMT+0100,3499.221,3496.451,0.02,0.02
09.04.2021 10:32:49.150 GMT+0100,3500,3496.492,0.02,0.02
09.04.2021 10:32:50.148 GMT+0100,3499.262,3496.5740000000005,0.0075,0.02
09.04.2021 10:32:53.002 GMT+0100,3499.467,3494.533,0.02,0.02
09.04.2021 10:32:54.578 GMT+0100,3498,3494.7790000000005,0.0075,0.02
09.04.2021 10:33:15.527 GMT+0100,3499,3495,0.02,0.02
09.04.2021 10:33:15.585 GMT+0100,3499.385,3495.697,0.02,0.02
09.04.2021 10:33:17.551 GMT+0100,3500.221,3496,0.02,0.02
09.04.2021 10:33:28.870 GMT+0100,3499.508,3495.5740000000005,0.0075,0.02
09.04.2021 10:34:27.614 GMT+0100,3500,3495.5740000000005,0.02,0.02
09.04.2021 10:34:28.088 GMT+0100,3500.508,3496.82,0.02,0.0075
09.04.2021 10:34:29.378 GMT+0100,3499.3440000000005,3496.451,0.02,0.02
09.04.2021 10:35:03.707 GMT+0100,3499.5490000000004,3495.533,0.02,0.02
09.04.2021 10:35:03.757 GMT+0100,3498.221,3494.6150000000002,0.02,0.02
09.04.2021 10:35:03.906 GMT+0100,3499.5490000000004,3494.738,0.02,0.02
09.04.2021 10:35:07.073 GMT+0100,3499,3495.7790000000005,0.02,0.0075
09.04.2021 10:35:22.142 GMT+0100,3499.3440000000005,3496.5740000000005,0.02,0.0075
09.04.2021 10:35:27.648 GMT+0100,3499.426,3495.697,0.02,0.02
09.04.2021 10:35:28.484 GMT+0100,3499,3496.533,0.02,0.0075
09.04.2021 10:36:06.110 GMT+0100,3501.1800000000003,3497.656,0.02,0.02
09.04.2021 10:36:06.336 GMT+0100,3500.3440000000005,3497.451,0.0075,0.0075
09.04.2021 10:36:06.387 GMT+0100,3500.3440000000005,3497,0.02,0.02
09.04.2021 10:37:00.856 GMT+0100,3500.426,3497.82,0.02,0.0075
09.04.2021 10:37:01.072 GMT+0100,3500.3440000000005,3498.6150000000002,0.02,0.02
09.04.2021 10:37:34.098 GMT+0100,3499.508,3498.5,0.0075,0.0075
09.04.2021 10:37:34.148 GMT+0100,3499.303,3495.697,0.02,0.02
09.04.2021 10:37:39.404 GMT+0100,3499.1800000000003,3496.738,0.02,0.0075
09.04.2021 10:39:03.197 GMT+0100,3499.1800000000003,3494.5740000000005,0.02,0.02
09.04.2021 10:39:03.693 GMT+0100,3498.221,3495,0.0075,0.02
09.04.2021 10:39:03.743 GMT+0100,3498.385,3493.7790000000005,0.02,0.02
09.04.2021 10:39:03.794 GMT+0100,3497.508,3493.82,0.02,0.02
09.04.2021 10:39:17.860 GMT+0100,3497.303,3495,0.02,0.0075
09.04.2021 10:39:17.911 GMT+0100,3497.467,3493.697,0.02,0.02
09.04.2021 10:39:17.961 GMT+0100,3497.303,3495,0.02,0.02
09.04.2021 10:39:20.095 GMT+0100,3497.5490000000004,3493.82,0.02,0.02
09.04.2021 10:39:43.072 GMT+0100,3497.1800000000003,3494.533,0.02,0.02
09.04.2021 10:40:09.030 GMT+0100,3496.385,3492.492,0.02,0.02
09.04.2021 10:40:16.009 GMT+0100,3497.467,3492.82,0.02,0.02
09.04.2021 10:41:08.072 GMT+0100,3497.3440000000005,3493.7790000000005,0.02,0.0075
09.04.2021 10:41:52.056 GMT+0100,3497.1800000000003,3494.6150000000002,0.02,0.02
09.04.2021 10:41:52.263 GMT+0100,3497.467,3493.697,0.02,0.02
09.04.2021 10:41:52.359 GMT+0100,3497.5490000000004,3495.738,0.02,0.0075
09.04.2021 10:42:14.353 GMT+0100,3497.426,3493.451,0.02,0.02
09.04.2021 10:42:30.922 GMT+0100,3497.221,3494.5740000000005,0.02,0.0075
09.04.2021 10:42:30.972 GMT+0100,3497.3440000000005,3493.7790000000005,0.02,0.02
09.04.2021 10:43:19.681 GMT+0100,3497,3494.7790000000005,0.02,0.02
09.04.2021 10:44:40.997 GMT+0100,3496.3440000000005,3493.5740000000005,0.02,0.02
09.04.2021 10:44:41.056 GMT+0100,3495,3491.7790000000005,0.02,0.02
09.04.2021 10:44:43.986 GMT+0100,3496.385,3492.451,0.02,0.02
09.04.2021 10:44:50.521 GMT+0100,3495.5490000000004,3492.6150000000002,0.0075,0.02
09.04.2021 10:44:50.571 GMT+0100,3495.3440000000005,3492,0.02,0.02
09.04.2021 10:44:50.656 GMT+0100,3495,3492.492,0.02,0.0075
09.04.2021 10:44:51.040 GMT+0100,3495.426,3491.492,0.02,0.02
09.04.2021 10:44:55.210 GMT+0100,3494.221,3491.738,0.02,0.02
09.04.2021 10:44:57.918 GMT+0100,3495.467,3491.7790000000005,0.02,0.02
09.04.2021 10:44:59.814 GMT+0100,3495.467,3492.7790000000005,0.0075,0.0075
09.04.2021 10:44:59.864 GMT+0100,3496.385,3492.533,0.02,0.02
09.04.2021 10:44:59.915 GMT+0100,3496.303,3491.738,0.02,0.02
09.04.2021 10:45:01.341 GMT+0100,3496.303,3492.82,0.02,0.0075
09.04.2021 10:45:01.442 GMT+0100,3496,3491.533,0.02,0.02
09.04.2021 10:45:03.856 GMT+0100,3496.3440000000005,3492.7790000000005,0.02,0.0075
09.04.2021 10:45:04.100 GMT+0100,3496.467,3493.533,0.02,0.0075
09.04.2021 10:45:07.675 GMT+0100,3496.303,3492.6150000000002,0.02,0.02
09.04.2021 10:45:11.656 GMT+0100,3496.5490000000004,3493.492,0.02,0.02
09.04.2021 10:46:15.699 GMT+0100,3497.1800000000003,3493.492,0.02,0.02
09.04.2021 10:46:47.068 GMT+0100,3497.1800000000003,3494.492,0.02,0.0075
09.04.2021 10:47:07.356 GMT+0100,3496.508,3493.697,0.02,0.02
09.04.2021 10:47:09.588 GMT+0100,3497.467,3493.738,0.02,0.02
09.04.2021 10:49:57.868 GMT+0100,3497.221,3494.533,0.02,0.0075
09.04.2021 10:49:57.969 GMT+0100,3497.467,3493.492,0.02,0.02
09.04.2021 10:49:58.104 GMT+0100,3497.467,3494.738,0.02,0.02
09.04.2021 10:50:36.094 GMT+0100,3497.25,3496.533,0.0075,0.0075
09.04.2021 10:50:36.145 GMT+0100,3500.508,3496.82,0.02,0.02
09.04.2021 10:50:37.064 GMT+0100,3500.426,3497.82,0.02,0.02
09.04.2021 10:50:38.307 GMT+0100,3502.467,3497.5740000000005,0.02,0.02
09.04.2021 10:50:38.368 GMT+0100,3501.5490000000004,3497.451,0.0075,0.02
09.04.2021 10:50:38.864 GMT+0100,3503.1800000000003,3498.5740000000005,0.02,0.02
09.04.2021 10:50:39.076 GMT+0100,3503.3440000000005,3499.738,0.02,0.0075
09.04.2021 10:50:43.525 GMT+0100,3502.426,3499.451,0.02,0.02
09.04.2021 10:50:48.508 GMT+0100,3503.5490000000004,3499.738,0.02,0.02
09.04.2021 10:50:54.454 GMT+0100,3500.221,3499.533,0.0075,0.0075
09.04.2021 10:50:54.504 GMT+0100,3500.426,3495.656,0.02,0.02
09.04.2021 10:51:22.628 GMT+0100,3499.426,3495.82,0.0075,0.02
09.04.2021 10:51:24.336 GMT+0100,3499.508,3494.5740000000005,0.02,0.02
09.04.2021 10:51:24.554 GMT+0100,3499.303,3495.6150000000002,0.02,0.0075
09.04.2021 10:51:27.456 GMT+0100,3498.1800000000003,3495.451,0.0075,0.0075
09.04.2021 10:51:27.506 GMT+0100,3498.221,3494.492,0.02,0.02
09.04.2021 10:51:27.557 GMT+0100,3499.262,3494.738,0.02,0.02
09.04.2021 10:51:52.155 GMT+0100,3499.385,3496,0.02,0.0075
09.04.2021 10:51:55.073 GMT+0100,3499.5490000000004,3497,0.02,0.0075
09.04.2021 10:52:51.602 GMT+0100,3500,3496.5740000000005,0.02,0.02
09.04.2021 10:52:55.103 GMT+0100,3500.1800000000003,3495.82,0.02,0.02
09.04.2021 10:52:55.153 GMT+0100,3500.221,3496.492,0.02,0.02
09.04.2021 10:52:59.823 GMT+0100,3500.1800000000003,3495.451,0.02,0.02
09.04.2021 10:53:00.056 GMT+0100,3500.385,3496.656,0.02,0.0075
09.04.2021 10:53:01.106 GMT+0100,3500.467,3495.533,0.02,0.02
09.04.2021 10:53:14.664 GMT+0100,3500.303,3496.697,0.02,0.0075
09.04.2021 10:53:34.975 GMT+0100,3500.508,3495.7790000000005,0.02,0.02
09.04.2021 10:53:57.171 GMT+0100,3500.1800000000003,3496.492,0.02,0.0075
09.04.2021 10:53:57.221 GMT+0100,3501.221,3496.451,0.02,0.02
09.04.2021 10:53:57.272 GMT+0100,3500.426,3495.7790000000005,0.02,0.02
09.04.2021 10:55:12.056 GMT+0100,3500.1800000000003,3496.6150000000002,0.02,0.02
09.04.2021 10:56:09.674 GMT+0100,3500.426,3495.533,0.02,0.02
09.04.2021 10:56:09.725 GMT+0100,3499.221,3495.533,0.02,0.02
09.04.2021 10:56:09.876 GMT+0100,3498.262,3495.697,0.0075,0.02
09.04.2021 10:56:10.792 GMT+0100,3499.426,3495.82,0.02,0.02
09.04.2021 10:56:25.080 GMT+0100,3498.221,3495.656,0.0075,0.02
09.04.2021 10:57:13.575 GMT+0100,3500.426,3496.656,0.02,0.02
09.04.2021 10:57:14.214 GMT+0100,3500.262,3495.533,0.02,0.02
09.04.2021 10:57:16.712 GMT+0100,3500,3496.656,0.02,0.0075
09.04.2021 10:57:18.085 GMT+0100,3500.262,3497.6150000000002,0.02,0.02
09.04.2021 10:57:19.077 GMT+0100,3500.221,3498.451,0.02,0.02
09.04.2021 10:57:42.155 GMT+0100,3500.508,3497.656,0.02,0.02
09.04.2021 10:58:16.064 GMT+0100,3500.508,3498.533,0.02,0.0075
09.04.2021 10:58:16.447 GMT+0100,3501.303,3498.656,0.02,0.02
09.04.2021 10:58:21.250 GMT+0100,3502.508,3499.451,0.02,0.02
09.04.2021 10:59:13.541 GMT+0100,3502.221,3498.738,0.02,0.02
09.04.2021 11:01:34.824 GMT+0100,3501.262,3498.492,0.0075,0.02
09.04.2021 11:02:05.543 GMT+0100,3500.385,3498.82,0.0075,0.0075
09.04.2021 11:02:05.593 GMT+0100,3500.426,3496.82,0.02,0.02
09.04.2021 11:02:05.643 GMT+0100,3499,3495.5740000000005,0.02,0.02
09.04.2021 11:02:05.774 GMT+0100,3500.5490000000004,3495.451,0.02,0.02
09.04.2021 11:02:06.073 GMT+0100,3500,3496.697,0.02,0.0075
09.04.2021 11:02:12.683 GMT+0100,3500.5490000000004,3497.492,0.02,0.0075
09.04.2021 11:02:12.733 GMT+0100,3501.262,3496.7790000000005,0.02,0.02
09.04.2021 11:02:12.879 GMT+0100,3500.5490000000004,3496.492,0.0075,0.02
09.04.2021 11:02:37.484 GMT+0100,3499.426,3496.7790000000005,0.0075,0.02
09.04.2021 11:02:37.585 GMT+0100,3500.385,3496.5740000000005,0.02,0.02
09.04.2021 11:03:06.954 GMT+0100,3499.303,3496.697,0.0075,0.02
09.04.2021 11:03:07.560 GMT+0100,3498.221,3494.82,0.02,0.02
09.04.2021 11:03:07.810 GMT+0100,3498.5490000000004,3495.7790000000005,0.0075,0.0075
09.04.2021 11:03:07.860 GMT+0100,3499.385,3495.533,0.02,0.02
09.04.2021 11:03:08.377 GMT+0100,3499.262,3494.5740000000005,0.02,0.02
09.04.2021 11:03:12.226 GMT+0100,3499.221,3495.82,0.02,0.0075
09.04.2021 11:03:35.967 GMT+0100,3498.385,3495.7790000000005,0.0075,0.02
09.04.2021 11:03:49.564 GMT+0100,3498.508,3496.6150000000002,0.0075,0.0075
09.04.2021 11:03:49.614 GMT+0100,3499.508,3495.656,0.02,0.02
09.04.2021 11:03:49.772 GMT+0100,3500.221,3495.451,0.02,0.02
09.04.2021 11:03:50.909 GMT+0100,3500.467,3496.451,0.02,0.02
09.04.2021 11:04:10.268 GMT+0100,3499.5490000000004,3496.7790000000005,0.0075,0.0075
09.04.2021 11:04:10.319 GMT+0100,3499.221,3496,0.02,0.02
09.04.2021 11:04:18.054 GMT+0100,3500.3440000000005,3495.492,0.02,0.02
09.04.2021 11:04:18.154 GMT+0100,3499,3496.5740000000005,0.02,0.02
09.04.2021 11:04:21.468 GMT+0100,3498.467,3496.7790000000005,0.0075,0.0075
09.04.2021 11:04:21.519 GMT+0100,3497.508,3493.7790000000005,0.02,0.02
09.04.2021 11:04:22.556 GMT+0100,3498.426,3493.7790000000005,0.02,0.02
09.04.2021 11:04:22.606 GMT+0100,3497.221,3493.492,0.02,0.02
09.04.2021 11:04:26.968 GMT+0100,3497.221,3494.738,0.02,0.0075
09.04.2021 11:05:05.373 GMT+0100,3497.467,3493.492,0.02,0.02
09.04.2021 11:05:13.771 GMT+0100,3497.221,3494.5740000000005,0.02,0.0075
09.04.2021 11:05:15.934 GMT+0100,3497.3440000000005,3493.7790000000005,0.02,0.02
09.04.2021 11:05:45.256 GMT+0100,3497.5490000000004,3494.7790000000005,0.02,0.0075
09.04.2021 11:05:49.092 GMT+0100,3497.3440000000005,3495.5740000000005,0.0075,0.0075
09.04.2021 11:05:49.143 GMT+0100,3498,3495.492,0.02,0.02
09.04.2021 11:05:49.201 GMT+0100,3499.303,3495.697,0.02,0.02
09.04.2021 11:05:54.553 GMT+0100,3499.303,3496.738,0.0075,0.0075
09.04.2021 11:05:54.604 GMT+0100,3500.303,3497,0.02,0.02
09.04.2021 11:05:57.760 GMT+0100,3499.221,3496.82,0.02,0.02
09.04.2021 11:05:59.243 GMT+0100,3500.221,3497,0.02,0.02
09.04.2021 11:06:27.076 GMT+0100,3500.3440000000005,3497.7790000000005,0.02,0.02
09.04.2021 11:06:40.256 GMT+0100,3499.5490000000004,3497.7790000000005,0.02,0.02
09.04.2021 11:06:46.531 GMT+0100,3502.467,3499.656,0.02,0.02
09.04.2021 11:07:19.372 GMT+0100,3503.1800000000003,3499.451,0.02,0.02
09.04.2021 11:07:38.276 GMT+0100,3504.1800000000003,3499.656,0.02,0.02
09.04.2021 11:07:38.326 GMT+0100,3505.467,3500.533,0.02,0.02
09.04.2021 11:07:38.427 GMT+0100,3505.221,3501.492,0.02,0.02
09.04.2021 11:08:03.064 GMT+0100,3507.467,3503.697,0.02,0.02
09.04.2021 11:08:03.450 GMT+0100,3507.262,3502.82,0.02,0.02
09.04.2021 11:08:03.501 GMT+0100,3506.3440000000005,3500.7790000000005,0.02,0.02
09.04.2021 11:08:04.169 GMT+0100,3505,3500.738,0.02,0.02
09.04.2021 11:08:04.272 GMT+0100,3505.426,3501.7790000000005,0.02,0.0075
09.04.2021 11:08:08.620 GMT+0100,3504.467,3501.492,0.0075,0.0075
09.04.2021 11:08:08.670 GMT+0100,3504.3440000000005,3499.5740000000005,0.02,0.02
09.04.2021 11:08:09.106 GMT+0100,3503.221,3499.82,0.0075,0.02
09.04.2021 11:08:10.847 GMT+0100,3502.508,3499.82,0.02,0.02
09.04.2021 11:08:11.003 GMT+0100,3503.385,3500,0.02,0.02
09.04.2021 11:08:19.148 GMT+0100,3502.385,3500,0.0075,0.02
09.04.2021 11:08:23.632 GMT+0100,3501.467,3499.7790000000005,0.0075,0.0075
09.04.2021 11:08:23.683 GMT+0100,3501.221,3497.533,0.02,0.02
09.04.2021 11:08:24.104 GMT+0100,3502.221,3497.5740000000005,0.02,0.02
09.04.2021 11:08:24.997 GMT+0100,3501.5490000000004,3497.7790000000005,0.0075,0.0075
09.04.2021 11:08:25.047 GMT+0100,3501.426,3496.697,0.02,0.02
09.04.2021 11:08:25.160 GMT+0100,3500.508,3496.451,0.02,0.02
09.04.2021 11:08:28.268 GMT+0100,3499.221,3496.451,0.0075,0.0075
09.04.2021 11:08:28.319 GMT+0100,3499.467,3496,0.02,0.02
09.04.2021 11:08:29.126 GMT+0100,3500.5490000000004,3495.7790000000005,0.02,0.02
09.04.2021 11:08:29.349 GMT+0100,3500.385,3496.533,0.02,0.02
09.04.2021 11:08:29.400 GMT+0100,3500.5490000000004,3495.5740000000005,0.02,0.02
09.04.2021 11:08:31.592 GMT+0100,3499.426,3495.533,0.0075,0.02
09.04.2021 11:08:32.435 GMT+0100,3500,3495.6150000000002,0.02,0.02
09.04.2021 11:08:39.503 GMT+0100,3499.426,3495.7790000000005,0.0075,0.02
09.04.2021 11:08:42.160 GMT+0100,3499.3440000000005,3494.6150000000002,0.02,0.02
09.04.2021 11:08:45.081 GMT+0100,3499.5490000000004,3495.6150000000002,0.02,0.02
09.04.2021 11:08:46.546 GMT+0100,3499.303,3494.6150000000002,0.02,0.02
09.04.2021 11:08:48.837 GMT+0100,3499.303,3495.738,0.02,0.0075
09.04.2021 11:08:49.064 GMT+0100,3499,3496.738,0.0075,0.0075
09.04.2021 11:08:49.114 GMT+0100,3500.467,3496.6150000000002,0.02,0.02
09.04.2021 11:08:49.800 GMT+0100,3500.508,3497.6150000000002,0.02,0.0075
09.04.2021 11:08:51.886 GMT+0100,3499.508,3496.738,0.02,0.02
09.04.2021 11:08:52.106 GMT+0100,3500.1800000000003,3496.697,0.02,0.02
09.04.2021 11:08:57.490 GMT+0100,3499.426,3496.697,0.0075,0.02
09.04.2021 11:08:59.390 GMT+0100,3500.426,3496.7790000000005,0.02,0.02
09.04.2021 11:09:22.727 GMT+0100,3499.262,3496.656,0.0075,0.02
09.04.2021 11:10:02.229 GMT+0100,3498.3440000000005,3493.451,0.02,0.02
09.04.2021 11:10:02.283 GMT+0100,3498.508,3494.5740000000005,0.02,0.0075
09.04.2021 11:10:02.973 GMT+0100,3499.221,3495,0.02,0.02
09.04.2021 11:10:10.617 GMT+0100,3498.508,3494.82,0.02,0.02
09.04.2021 11:10:24.552 GMT+0100,3498.221,3493.5740000000005,0.02,0.02
09.04.2021 11:10:24.897 GMT+0100,3497,3493.697,0.0075,0.02
09.04.2021 11:10:25.051 GMT+0100,3498.221,3494,0.02,0.02
09.04.2021 11:10:25.124 GMT+0100,3498.262,3494.5740000000005,0.02,0.0075
09.04.2021 11:10:26.068 GMT+0100,3499.467,3495.82,0.02,0.02
09.04.2021 11:10:26.219 GMT+0100,3498.3440000000005,3495.82,0.02,0.02
09.04.2021 11:10:31.380 GMT+0100,3499.508,3495.7790000000005,0.02,0.02
09.04.2021 11:10:37.518 GMT+0100,3498.3440000000005,3495.697,0.02,0.02
09.04.2021 11:11:00.639 GMT+0100,3497.262,3495.697,0.02,0.02
09.04.2021 11:11:02.710 GMT+0100,3497.5490000000004,3493.656,0.02,0.02
09.04.2021 11:11:02.761 GMT+0100,3497,3493,0.02,0.02
09.04.2021 11:11:03.115 GMT+0100,3497.508,3493.533,0.02,0.0075
09.04.2021 11:11:03.318 GMT+0100,3497.467,3492.82,0.02,0.02
09.04.2021 11:11:03.368 GMT+0100,3497.262,3493.82,0.02,0.02
09.04.2021 11:11:03.683 GMT+0100,3497.303,3492.451,0.02,0.02
09.04.2021 11:11:06.864 GMT+0100,3497.3440000000005,3493.656,0.02,0.0075
09.04.2021 11:11:09.138 GMT+0100,3497.221,3493,0.02,0.02
09.04.2021 11:11:12.720 GMT+0100,3497.385,3493.492,0.02,0.0075
09.04.2021 11:11:15.272 GMT+0100,3497.3440000000005,3492.5740000000005,0.02,0.02
09.04.2021 11:11:18.247 GMT+0100,3496.385,3492.492,0.0075,0.02
09.04.2021 11:11:18.298 GMT+0100,3495.3440000000005,3490.492,0.02,0.02
09.04.2021 11:11:18.348 GMT+0100,3495.303,3492,0.02,0.02
09.04.2021 11:11:23.558 GMT+0100,3496.385,3491.697,0.02,0.02
09.04.2021 11:11:28.653 GMT+0100,3495.221,3491.738,0.0075,0.02
09.04.2021 11:12:02.284 GMT+0100,3495.1800000000003,3491,0.02,0.02
09.04.2021 11:12:04.397 GMT+0100,3495.303,3491.533,0.02,0.0075
09.04.2021 11:12:07.093 GMT+0100,3495.3440000000005,3491,0.02,0.02
09.04.2021 11:12:11.076 GMT+0100,3495.5490000000004,3491.6150000000002,0.02,0.0075
09.04.2021 11:12:30.519 GMT+0100,3495.303,3490.7790000000005,0.02,0.02
09.04.2021 11:12:41.964 GMT+0100,3495.1800000000003,3491.82,0.02,0.0075
09.04.2021 11:13:54.153 GMT+0100,3495.508,3490.7790000000005,0.02,0.02
09.04.2021 11:14:00.442 GMT+0100,3494,3490.738,0.0075,0.02
09.04.2021 11:14:26.081 GMT+0100,3494.426,3491.738,0.0075,0.0075
09.04.2021 11:14:26.131 GMT+0100,3495,3490.738,0.02,0.02
