Local time,Ask,Bid,AskVolume,BidVolume
01.04.2021 08:00:00.589 GMT+0100,3459.3440000000005,3430.656,0.0075,0.0075
01.04.2021 08:00:00.690 GMT+0100,3450.508,3430.738,0.02,0.02
01.04.2021 08:00:00.962 GMT+0100,3450,3439.738,0.02,0.02
01.04.2021 08:00:01.344 GMT+0100,3450,3430.697,0.02,0.02
01.04.2021 08:00:01.584 GMT+0100,3444.221,3430.5740000000005,0.0075,0.02
01.04.2021 08:00:01.685 GMT+0100,3444.385,3426.6150000000002,0.02,0.02
01.04.2021 08:00:01.971 GMT+0100,3444.3440000000005,3438.5,0.02,0.0075
01.04.2021 08:00:02.219 GMT+0100,3450.467,3438.656,0.02,0.02
01.04.2021 08:00:05.278 GMT+0100,3449.303,3438.697,0.02,0.02
01.04.2021 08:00:05.566 GMT+0100,3450.508,3438.533,0.02,0.02
01.04.2021 08:00:06.921 GMT+0100,3450.303,3439.5740000000005,0.02,0.02
01.04.2021 08:00:07.640 GMT+0100,3450.5490000000004,3438.697,0.02,0.02
01.04.2021 08:00:08.099 GMT+0100,3449.5490000000004,3438.6150000000002,0.02,0.02
01.04.2021 08:00:08.222 GMT+0100,3449.221,3439.5740000000005,0.02,0.02
01.04.2021 08:00:08.272 GMT+0100,3449.5490000000004,3438.7790000000005,0.02,0.02
01.04.2021 08:00:08.415 GMT+0100,3448,3438.533,0.0075,0.02
01.04.2021 08:00:10.022 GMT+0100,3448,3440.697,0.02,0.0075
01.04.2021 08:00:10.122 GMT+0100,3448.221,3439.738,0.02,0.02
01.04.2021 08:00:20.565 GMT+0100,3445.385,3438.451,0.0075,0.02
01.04.2021 08:00:20.666 GMT+0100,3447.221,3439.7790000000005,0.02,0.02
01.04.2021 08:00:20.832 GMT+0100,3443.508,3433.5740000000005,0.02,0.02
01.04.2021 08:00:20.933 GMT+0100,3440.385,3431.697,0.02,0.02
01.04.2021 08:00:21.053 GMT+0100,3440.1800000000003,3430.533,0.02,0.02
01.04.2021 08:00:21.104 GMT+0100,3439.5490000000004,3425.533,0.02,0.02
01.04.2021 08:00:21.175 GMT+0100,3439,3428,0.02,0.0075
01.04.2021 08:00:21.225 GMT+0100,3439.467,3425.451,0.02,0.02
01.04.2021 08:00:21.276 GMT+0100,3438.467,3425.82,0.02,0.02
01.04.2021 08:00:21.482 GMT+0100,3439.467,3425.82,0.02,0.02
01.04.2021 08:00:21.931 GMT+0100,3437.3440000000005,3425.451,0.0075,0.02
01.04.2021 08:00:22.049 GMT+0100,3436.262,3425.6150000000002,0.0075,0.0075
01.04.2021 08:00:22.099 GMT+0100,3436.303,3423.656,0.02,0.02
01.04.2021 08:00:22.778 GMT+0100,3434.221,3422.656,0.02,0.02
01.04.2021 08:00:22.886 GMT+0100,3434.5490000000004,3421.7790000000005,0.02,0.02
01.04.2021 08:00:22.987 GMT+0100,3433.5490000000004,3421.697,0.02,0.02
01.04.2021 08:00:23.105 GMT+0100,3430.508,3411.82,0.02,0.02
01.04.2021 08:00:23.166 GMT+0100,3429.5490000000004,3412,0.0075,0.02
01.04.2021 08:00:23.925 GMT+0100,3429.467,3413.82,0.02,0.0075
01.04.2021 08:00:27.977 GMT+0100,3430.508,3413.656,0.02,0.02
01.04.2021 08:00:29.173 GMT+0100,3428.385,3413.5740000000005,0.0075,0.0075
01.04.2021 08:00:29.223 GMT+0100,3428,3411.492,0.02,0.02
01.04.2021 08:00:31.232 GMT+0100,3430.5490000000004,3411.656,0.02,0.02
01.04.2021 08:00:33.909 GMT+0100,3430.1800000000003,3417.533,0.02,0.0075
01.04.2021 08:00:34.069 GMT+0100,3430.303,3411.738,0.02,0.02
01.04.2021 08:00:34.261 GMT+0100,3428.221,3416.697,0.0075,0.0075
01.04.2021 08:00:34.422 GMT+0100,3428,3411.7790000000005,0.02,0.02
01.04.2021 08:00:35.405 GMT+0100,3430.508,3411.656,0.02,0.02
01.04.2021 08:00:44.127 GMT+0100,3430.5490000000004,3418,0.02,0.02
01.04.2021 08:00:44.290 GMT+0100,3430.426,3412,0.02,0.02
01.04.2021 08:00:44.632 GMT+0100,3427.1800000000003,3412,0.02,0.02
01.04.2021 08:00:44.734 GMT+0100,3430.1800000000003,3418,0.02,0.02
01.04.2021 08:00:45.513 GMT+0100,3430.467,3420.738,0.02,0.02
01.04.2021 08:00:45.563 GMT+0100,3436.303,3425,0.02,0.02
01.04.2021 08:00:45.637 GMT+0100,3437,3424.6150000000002,0.02,0.02
01.04.2021 08:00:45.929 GMT+0100,3438.467,3424.451,0.02,0.02
01.04.2021 08:00:47.464 GMT+0100,3438.3440000000005,3425.656,0.02,0.0075
01.04.2021 08:00:48.860 GMT+0100,3433.3440000000005,3425.656,0.0075,0.0075
01.04.2021 08:00:48.910 GMT+0100,3441.303,3421.451,0.02,0.02
01.04.2021 08:00:49.175 GMT+0100,3439.303,3421.533,0.0075,0.02
01.04.2021 08:00:49.456 GMT+0100,3438.426,3422,0.02,0.02
01.04.2021 08:00:49.711 GMT+0100,3441,3421.5740000000005,0.02,0.02
01.04.2021 08:00:49.943 GMT+0100,3437.1800000000003,3421.697,0.0075,0.02
01.04.2021 08:00:49.994 GMT+0100,3441.3440000000005,3421.533,0.02,0.02
01.04.2021 08:00:51.045 GMT+0100,3436.1800000000003,3422,0.0075,0.02
01.04.2021 08:00:51.498 GMT+0100,3436.508,3423.533,0.0075,0.0075
01.04.2021 08:00:51.548 GMT+0100,3448.303,3423.492,0.02,0.02
01.04.2021 08:00:51.655 GMT+0100,3450.5490000000004,3422.5740000000005,0.02,0.02
01.04.2021 08:00:51.706 GMT+0100,3446.303,3437.7790000000005,0.02,0.02
01.04.2021 08:00:51.894 GMT+0100,3450.385,3437.6150000000002,0.02,0.02
01.04.2021 08:00:51.945 GMT+0100,3450.508,3438.7790000000005,0.02,0.02
01.04.2021 08:00:52.104 GMT+0100,3450.508,3437.5740000000005,0.02,0.02
01.04.2021 08:00:52.840 GMT+0100,3448.221,3437.738,0.0075,0.02
01.04.2021 08:01:10.567 GMT+0100,3450.3440000000005,3438.7790000000005,0.02,0.02
01.04.2021 08:01:10.618 GMT+0100,3450.5490000000004,3439.451,0.02,0.02
01.04.2021 08:01:17.743 GMT+0100,3460.303,3440.5740000000005,0.02,0.02
01.04.2021 08:01:18.283 GMT+0100,3460.467,3440,0.02,0.02
01.04.2021 08:01:18.570 GMT+0100,3456.262,3438.5740000000005,0.0075,0.02
01.04.2021 08:01:54.902 GMT+0100,3455.467,3438.82,0.0075,0.0075
01.04.2021 08:01:54.953 GMT+0100,3455,3437.533,0.02,0.02
01.04.2021 08:01:55.087 GMT+0100,3456.508,3437.656,0.02,0.02
01.04.2021 08:01:56.048 GMT+0100,3453.508,3437.6150000000002,0.0075,0.02
01.04.2021 08:01:56.098 GMT+0100,3454.221,3438,0.02,0.02
01.04.2021 08:01:56.524 GMT+0100,3453.467,3437.656,0.0075,0.02
01.04.2021 08:01:56.850 GMT+0100,3452.262,3437.6150000000002,0.0075,0.02
01.04.2021 08:01:57.327 GMT+0100,3451.221,3437.697,0.0075,0.02
01.04.2021 08:01:57.490 GMT+0100,3447,3437.656,0.02,0.02
01.04.2021 08:01:57.786 GMT+0100,3446.221,3437.492,0.0075,0.02
01.04.2021 08:02:17.745 GMT+0100,3446.303,3438.738,0.02,0.0075
01.04.2021 08:02:17.998 GMT+0100,3446.3440000000005,3437.492,0.02,0.02
01.04.2021 08:02:38.652 GMT+0100,3446.1800000000003,3438.5740000000005,0.02,0.0075
01.04.2021 08:02:38.753 GMT+0100,3446.508,3440,0.02,0.02
01.04.2021 08:02:38.891 GMT+0100,3446.508,3437.5740000000005,0.02,0.02
01.04.2021 08:02:46.371 GMT+0100,3446.3440000000005,3440,0.02,0.0075
01.04.2021 08:02:46.540 GMT+0100,3446.5490000000004,3438.533,0.02,0.02
01.04.2021 08:02:49.087 GMT+0100,3446.467,3437.738,0.02,0.02
01.04.2021 08:03:10.133 GMT+0100,3455.262,3441.738,0.02,0.02
01.04.2021 08:03:10.437 GMT+0100,3455.426,3439.6150000000002,0.02,0.02
01.04.2021 08:03:10.488 GMT+0100,3451.467,3439.738,0.02,0.02
01.04.2021 08:03:11.499 GMT+0100,3450.467,3439.6150000000002,0.0075,0.02
01.04.2021 08:03:20.640 GMT+0100,3450.262,3446.5740000000005,0.0075,0.0075
01.04.2021 08:03:20.691 GMT+0100,3450.385,3438.738,0.02,0.02
01.04.2021 08:03:29.575 GMT+0100,3457.221,3442.492,0.02,0.02
01.04.2021 08:03:29.636 GMT+0100,3457.5490000000004,3443.451,0.02,0.0075
01.04.2021 08:03:30.080 GMT+0100,3457.3440000000005,3442.7790000000005,0.02,0.02
01.04.2021 08:03:31.428 GMT+0100,3452.303,3442.7790000000005,0.0075,0.02
01.04.2021 08:03:34.093 GMT+0100,3452.5490000000004,3441.7790000000005,0.02,0.02
01.04.2021 08:03:37.118 GMT+0100,3452.3440000000005,3440.492,0.02,0.02
01.04.2021 08:03:46.155 GMT+0100,3452.426,3441.7790000000005,0.02,0.0075
01.04.2021 08:03:50.742 GMT+0100,3452.3440000000005,3440.7790000000005,0.02,0.02
01.04.2021 08:03:58.974 GMT+0100,3452.5490000000004,3439.82,0.02,0.02
01.04.2021 08:03:59.243 GMT+0100,3451.426,3440.656,0.02,0.02
01.04.2021 08:03:59.293 GMT+0100,3451.5490000000004,3440,0.02,0.02
01.04.2021 08:04:01.086 GMT+0100,3451.426,3438.492,0.02,0.02
01.04.2021 08:04:01.711 GMT+0100,3448.385,3438,0.02,0.02
01.04.2021 08:04:02.357 GMT+0100,3448.508,3439,0.02,0.0075
01.04.2021 08:04:09.074 GMT+0100,3448.508,3438,0.02,0.02
01.04.2021 08:04:10.057 GMT+0100,3448.508,3438.451,0.02,0.0075
01.04.2021 08:04:21.892 GMT+0100,3448.508,3437.656,0.02,0.02
01.04.2021 08:04:26.375 GMT+0100,3448.385,3438.697,0.02,0.0075
01.04.2021 08:05:01.837 GMT+0100,3448.262,3440.82,0.02,0.0075
01.04.2021 08:05:02.731 GMT+0100,3448.5490000000004,3445.451,0.0075,0.0075
01.04.2021 08:05:02.781 GMT+0100,3452.1800000000003,3445.738,0.02,0.02
01.04.2021 08:05:02.885 GMT+0100,3452.385,3443.738,0.02,0.02
01.04.2021 08:05:08.232 GMT+0100,3452.1800000000003,3444.6150000000002,0.02,0.0075
01.04.2021 08:05:08.333 GMT+0100,3452,3443.533,0.02,0.02
01.04.2021 08:05:10.407 GMT+0100,3453,3444,0.02,0.02
01.04.2021 08:05:10.469 GMT+0100,3453.5490000000004,3446.6150000000002,0.02,0.0075
01.04.2021 08:05:10.570 GMT+0100,3453.385,3444.656,0.02,0.02
01.04.2021 08:05:11.036 GMT+0100,3453.5490000000004,3446.5740000000005,0.0075,0.0075
01.04.2021 08:05:11.086 GMT+0100,3458.5490000000004,3446.656,0.02,0.02
01.04.2021 08:05:11.505 GMT+0100,3460.1800000000003,3448.82,0.02,0.02
01.04.2021 08:05:12.134 GMT+0100,3459.426,3448.533,0.0075,0.0075
01.04.2021 08:05:12.185 GMT+0100,3459.221,3446.738,0.02,0.02
01.04.2021 08:05:14.565 GMT+0100,3457,3446.533,0.02,0.02
01.04.2021 08:05:31.104 GMT+0100,3455.5490000000004,3447,0.02,0.02
01.04.2021 08:05:41.014 GMT+0100,3457,3446.6150000000002,0.02,0.02
01.04.2021 08:05:47.973 GMT+0100,3457.221,3451.492,0.0075,0.0075
01.04.2021 08:05:48.023 GMT+0100,3459.5490000000004,3451.5740000000005,0.02,0.02
01.04.2021 08:05:48.308 GMT+0100,3456,3446.533,0.0075,0.0075
01.04.2021 08:05:49.525 GMT+0100,3454.3440000000005,3444.5740000000005,0.0075,0.02
01.04.2021 08:06:02.252 GMT+0100,3454,3446.492,0.02,0.0075
01.04.2021 08:06:02.303 GMT+0100,3454.467,3444.6150000000002,0.02,0.02
01.04.2021 08:07:00.007 GMT+0100,3454.5490000000004,3446.7790000000005,0.02,0.0075
01.04.2021 08:07:05.154 GMT+0100,3454.426,3444.738,0.02,0.02
01.04.2021 08:07:10.657 GMT+0100,3454.5490000000004,3446.7790000000005,0.02,0.0075
01.04.2021 08:07:25.803 GMT+0100,3454.303,3449.7790000000005,0.02,0.02
01.04.2021 08:07:57.859 GMT+0100,3454.303,3445.697,0.02,0.02
01.04.2021 08:07:57.969 GMT+0100,3454.5490000000004,3444.533,0.02,0.02
01.04.2021 08:08:10.528 GMT+0100,3454.426,3446.6150000000002,0.02,0.0075
01.04.2021 08:08:25.664 GMT+0100,3454.1800000000003,3444.656,0.02,0.02
01.04.2021 08:08:26.661 GMT+0100,3453.5490000000004,3444.533,0.02,0.02
01.04.2021 08:08:26.766 GMT+0100,3453.3440000000005,3443.6150000000002,0.02,0.02
01.04.2021 08:08:27.612 GMT+0100,3453.426,3442.7790000000005,0.02,0.02
01.04.2021 08:08:27.663 GMT+0100,3453,3443.656,0.02,0.02
01.04.2021 08:08:28.967 GMT+0100,3453.426,3442.5740000000005,0.02,0.02
01.04.2021 08:08:32.549 GMT+0100,3453.303,3444.738,0.02,0.0075
01.04.2021 08:08:33.066 GMT+0100,3452.262,3444.697,0.02,0.02
01.04.2021 08:08:35.314 GMT+0100,3452.3440000000005,3446.738,0.02,0.0075
01.04.2021 08:08:35.414 GMT+0100,3452.3440000000005,3445.656,0.02,0.02
01.04.2021 08:08:39.548 GMT+0100,3452,3444.738,0.02,0.02
01.04.2021 08:09:20.149 GMT+0100,3452.385,3445.656,0.02,0.0075
01.04.2021 08:09:26.537 GMT+0100,3452.426,3444.82,0.02,0.02
01.04.2021 08:09:26.964 GMT+0100,3452.385,3445.656,0.02,0.0075
01.04.2021 08:09:27.882 GMT+0100,3452.3440000000005,3444.7790000000005,0.02,0.02
01.04.2021 08:09:33.575 GMT+0100,3452.467,3443.451,0.02,0.02
01.04.2021 08:09:56.278 GMT+0100,3452.467,3444.5740000000005,0.02,0.02
01.04.2021 08:10:00.393 GMT+0100,3452.5490000000004,3445.697,0.02,0.0075
01.04.2021 08:10:03.343 GMT+0100,3452.262,3444.492,0.02,0.02
01.04.2021 08:10:23.834 GMT+0100,3451.5490000000004,3443.533,0.02,0.02
01.04.2021 08:10:29.478 GMT+0100,3452.467,3444.492,0.02,0.02
01.04.2021 08:10:37.724 GMT+0100,3452.508,3445.82,0.02,0.0075
01.04.2021 08:10:45.209 GMT+0100,3452.3440000000005,3447.451,0.02,0.02
01.04.2021 08:10:52.750 GMT+0100,3452.5490000000004,3446.738,0.02,0.02
01.04.2021 08:11:15.561 GMT+0100,3452.1800000000003,3445.5740000000005,0.02,0.02
01.04.2021 08:11:17.699 GMT+0100,3452,3446.492,0.02,0.0075
01.04.2021 08:11:28.143 GMT+0100,3452.5490000000004,3447.656,0.02,0.0075
01.04.2021 08:11:32.480 GMT+0100,3452.5490000000004,3446.738,0.02,0.02
01.04.2021 08:11:43.100 GMT+0100,3452.508,3449.533,0.0075,0.0075
01.04.2021 08:11:43.150 GMT+0100,3456.221,3449.533,0.02,0.02
01.04.2021 08:11:43.315 GMT+0100,3456.303,3450.451,0.02,0.0075
01.04.2021 08:11:43.516 GMT+0100,3457.3440000000005,3450.738,0.02,0.02
01.04.2021 08:11:43.566 GMT+0100,3456,3450.7790000000005,0.02,0.02
01.04.2021 08:11:43.764 GMT+0100,3456.221,3448.492,0.02,0.02
01.04.2021 08:11:43.815 GMT+0100,3453.221,3446.7790000000005,0.02,0.02
01.04.2021 08:12:01.724 GMT+0100,3454.385,3446.5740000000005,0.02,0.02
01.04.2021 08:12:01.775 GMT+0100,3456.467,3447.492,0.02,0.02
01.04.2021 08:12:03.513 GMT+0100,3456,3448.738,0.02,0.0075
01.04.2021 08:12:04.815 GMT+0100,3455.221,3448.697,0.02,0.02
01.04.2021 08:12:04.872 GMT+0100,3455.221,3447.492,0.02,0.02
01.04.2021 08:12:15.735 GMT+0100,3455.303,3449,0.02,0.02
01.04.2021 08:12:15.785 GMT+0100,3456.385,3448.6150000000002,0.02,0.02
01.04.2021 08:12:16.512 GMT+0100,3456.3440000000005,3449.7790000000005,0.02,0.0075
01.04.2021 08:12:38.529 GMT+0100,3456.5490000000004,3451.697,0.0075,0.0075
01.04.2021 08:12:38.579 GMT+0100,3459.221,3451.492,0.02,0.02
01.04.2021 08:12:38.630 GMT+0100,3458.303,3451.656,0.02,0.02
01.04.2021 08:12:38.680 GMT+0100,3459.303,3452,0.02,0.02
01.04.2021 08:12:39.333 GMT+0100,3458.385,3451.492,0.02,0.02
01.04.2021 08:12:42.115 GMT+0100,3458.426,3450.533,0.02,0.02
01.04.2021 08:13:19.519 GMT+0100,3458.385,3455.5740000000005,0.0075,0.0075
01.04.2021 08:13:19.570 GMT+0100,3464.467,3455.82,0.02,0.02
01.04.2021 08:13:19.629 GMT+0100,3464,3457.451,0.02,0.0075
01.04.2021 08:13:20.437 GMT+0100,3463.221,3457.697,0.0075,0.02
01.04.2021 08:13:34.948 GMT+0100,3462.221,3457.6150000000002,0.02,0.02
01.04.2021 08:13:40.363 GMT+0100,3462.467,3458.697,0.02,0.0075
01.04.2021 08:14:09.830 GMT+0100,3463.385,3459,0.02,0.02
01.04.2021 08:14:09.880 GMT+0100,3463.5490000000004,3459.5740000000005,0.02,0.02
01.04.2021 08:14:40.010 GMT+0100,3463.508,3460.6150000000002,0.02,0.0075
01.04.2021 08:14:42.044 GMT+0100,3464,3461.6150000000002,0.0075,0.0075
01.04.2021 08:14:42.095 GMT+0100,3470.426,3461.82,0.02,0.02
01.04.2021 08:14:42.534 GMT+0100,3471.262,3461.451,0.02,0.02
01.04.2021 08:14:42.988 GMT+0100,3468.5490000000004,3461.5740000000005,0.0075,0.02
01.04.2021 08:14:44.632 GMT+0100,3468.426,3460.5740000000005,0.02,0.02
01.04.2021 08:14:45.090 GMT+0100,3468.426,3461.5740000000005,0.02,0.02
01.04.2021 08:14:50.055 GMT+0100,3468.3440000000005,3463,0.02,0.0075
01.04.2021 08:14:50.106 GMT+0100,3468,3460.7790000000005,0.02,0.02
01.04.2021 08:15:00.136 GMT+0100,3468.385,3461.7790000000005,0.02,0.0075
01.04.2021 08:15:04.130 GMT+0100,3468.303,3464.82,0.02,0.0075
01.04.2021 08:15:11.928 GMT+0100,3474.221,3464.7790000000005,0.02,0.02
01.04.2021 08:15:12.489 GMT+0100,3473.508,3464.738,0.0075,0.02
01.04.2021 08:15:16.375 GMT+0100,3473.467,3467.7790000000005,0.02,0.02
01.04.2021 08:15:25.182 GMT+0100,3475.426,3467.533,0.02,0.02
01.04.2021 08:15:25.632 GMT+0100,3475.221,3469,0.02,0.0075
01.04.2021 08:15:28.128 GMT+0100,3474.1800000000003,3468.697,0.02,0.02
01.04.2021 08:16:10.349 GMT+0100,3475.3440000000005,3468.7790000000005,0.02,0.02
01.04.2021 08:16:12.482 GMT+0100,3474.385,3468.533,0.0075,0.02
01.04.2021 08:16:15.624 GMT+0100,3475.426,3468.451,0.02,0.02
01.04.2021 08:16:16.432 GMT+0100,3474.303,3468.492,0.0075,0.02
01.04.2021 08:16:24.550 GMT+0100,3475.3440000000005,3468.451,0.02,0.02
01.04.2021 08:16:46.641 GMT+0100,3474.221,3468.492,0.0075,0.02
01.04.2021 08:17:00.523 GMT+0100,3475.1800000000003,3468.697,0.02,0.02
01.04.2021 08:17:00.623 GMT+0100,3474.426,3468.738,0.02,0.02
01.04.2021 08:17:00.674 GMT+0100,3475.3440000000005,3468.6150000000002,0.02,0.02
01.04.2021 08:17:01.960 GMT+0100,3474.262,3468.6150000000002,0.0075,0.02
01.04.2021 08:17:02.690 GMT+0100,3475.508,3468.697,0.02,0.02
01.04.2021 08:17:14.687 GMT+0100,3474.1800000000003,3468.7790000000005,0.0075,0.02
01.04.2021 08:17:20.662 GMT+0100,3469.262,3468.492,0.0075,0.0075
01.04.2021 08:17:20.713 GMT+0100,3469.426,3461.738,0.02,0.02
01.04.2021 08:17:20.901 GMT+0100,3469.5490000000004,3465.697,0.02,0.0075
01.04.2021 08:17:22.617 GMT+0100,3471.221,3465.492,0.02,0.02
01.04.2021 08:17:24.616 GMT+0100,3472.221,3465.697,0.02,0.02
01.04.2021 08:17:28.798 GMT+0100,3472.385,3466.7790000000005,0.02,0.0075
01.04.2021 08:17:28.849 GMT+0100,3473.385,3467,0.02,0.02
01.04.2021 08:17:30.657 GMT+0100,3472.467,3465.82,0.02,0.02
01.04.2021 08:17:32.196 GMT+0100,3475.5490000000004,3468.7790000000005,0.02,0.02
01.04.2021 08:17:36.040 GMT+0100,3475.303,3471.451,0.02,0.0075
01.04.2021 08:17:37.857 GMT+0100,3475.1800000000003,3470.451,0.02,0.02
01.04.2021 08:17:54.107 GMT+0100,3475.303,3472.656,0.0075,0.0075
01.04.2021 08:17:54.157 GMT+0100,3480.508,3471.656,0.02,0.02
01.04.2021 08:17:54.359 GMT+0100,3480.426,3473.656,0.02,0.0075
01.04.2021 08:17:54.698 GMT+0100,3480.508,3470.697,0.02,0.02
01.04.2021 08:17:55.150 GMT+0100,3480.221,3474.738,0.02,0.0075
01.04.2021 08:17:57.676 GMT+0100,3479.385,3474.492,0.02,0.02
01.04.2021 08:17:57.726 GMT+0100,3482.385,3474.533,0.02,0.02
01.04.2021 08:18:30.599 GMT+0100,3483.1800000000003,3474.5740000000005,0.02,0.02
01.04.2021 08:18:46.179 GMT+0100,3484.426,3474.7790000000005,0.02,0.02
01.04.2021 08:18:52.268 GMT+0100,3483.508,3474.697,0.0075,0.02
01.04.2021 08:19:02.550 GMT+0100,3482,3474.451,0.0075,0.02
01.04.2021 08:19:02.601 GMT+0100,3483.221,3474.5740000000005,0.02,0.02
01.04.2021 08:19:16.866 GMT+0100,3482.426,3474.451,0.0075,0.02
01.04.2021 08:19:18.144 GMT+0100,3483,3474.656,0.02,0.02
01.04.2021 08:19:30.569 GMT+0100,3481.1800000000003,3474.7790000000005,0.0075,0.02
01.04.2021 08:19:40.600 GMT+0100,3484.3440000000005,3474.656,0.02,0.02
01.04.2021 08:19:40.650 GMT+0100,3486.508,3479.656,0.02,0.02
01.04.2021 08:19:43.432 GMT+0100,3486.262,3480.5740000000005,0.02,0.02
01.04.2021 08:19:55.632 GMT+0100,3486.508,3481.697,0.0075,0.0075
01.04.2021 08:19:55.682 GMT+0100,3491.5490000000004,3482,0.02,0.02
01.04.2021 08:19:55.732 GMT+0100,3493.467,3484,0.02,0.02
01.04.2021 08:19:55.833 GMT+0100,3490.508,3483.738,0.02,0.02
01.04.2021 08:19:55.969 GMT+0100,3490.385,3481.82,0.02,0.02
01.04.2021 08:19:56.145 GMT+0100,3490.1800000000003,3485.82,0.02,0.0075
01.04.2021 08:21:32.482 GMT+0100,3493.426,3485.738,0.02,0.02
01.04.2021 08:21:36.899 GMT+0100,3493.5490000000004,3486.82,0.02,0.0075
01.04.2021 08:21:39.201 GMT+0100,3494.303,3486.7790000000005,0.02,0.02
01.04.2021 08:21:40.928 GMT+0100,3493.1800000000003,3486.7790000000005,0.0075,0.02
01.04.2021 08:22:01.587 GMT+0100,3494.5490000000004,3486.7790000000005,0.02,0.02
01.04.2021 08:22:02.220 GMT+0100,3493.1800000000003,3486.82,0.0075,0.02
01.04.2021 08:22:09.244 GMT+0100,3493.262,3487.82,0.02,0.0075
01.04.2021 08:22:10.483 GMT+0100,3494.467,3487.6150000000002,0.02,0.02
01.04.2021 08:22:14.787 GMT+0100,3493.508,3487.82,0.0075,0.02
01.04.2021 08:22:16.500 GMT+0100,3491.467,3487.82,0.0075,0.0075
01.04.2021 08:22:16.551 GMT+0100,3492.508,3485.451,0.02,0.02
01.04.2021 08:22:16.601 GMT+0100,3490.221,3485.492,0.02,0.02
01.04.2021 08:26:08.372 GMT+0100,3490.5490000000004,3486.697,0.02,0.0075
01.04.2021 08:26:12.768 GMT+0100,3496.426,3487.82,0.02,0.02
01.04.2021 08:26:14.573 GMT+0100,3493,3488,0.02,0.02
01.04.2021 08:26:14.716 GMT+0100,3493.221,3487,0.02,0.02
01.04.2021 08:26:16.313 GMT+0100,3493.303,3487.451,0.02,0.02
01.04.2021 08:26:16.498 GMT+0100,3493.385,3486.533,0.02,0.02
01.04.2021 08:26:16.743 GMT+0100,3494.508,3486.6150000000002,0.02,0.02
01.04.2021 08:26:19.882 GMT+0100,3493.221,3486.6150000000002,0.02,0.02
01.04.2021 08:26:21.010 GMT+0100,3494.508,3486.82,0.02,0.02
01.04.2021 08:26:23.128 GMT+0100,3493.3440000000005,3486.738,0.02,0.02
01.04.2021 08:26:23.178 GMT+0100,3493.426,3485.451,0.02,0.02
01.04.2021 08:26:24.828 GMT+0100,3491.5490000000004,3485.451,0.02,0.02
01.04.2021 08:27:32.482 GMT+0100,3493.467,3485.5740000000005,0.02,0.02
01.04.2021 08:27:33.115 GMT+0100,3493.303,3486.5740000000005,0.0075,0.0075
01.04.2021 08:27:33.165 GMT+0100,3494.303,3486.7790000000005,0.02,0.02
01.04.2021 08:27:47.640 GMT+0100,3493.221,3486.492,0.02,0.02
01.04.2021 08:27:49.256 GMT+0100,3494.508,3486.738,0.02,0.02
01.04.2021 08:27:49.364 GMT+0100,3494.303,3487.451,0.02,0.02
01.04.2021 08:28:01.717 GMT+0100,3493.1800000000003,3487.697,0.0075,0.02
01.04.2021 08:28:01.768 GMT+0100,3493.508,3486.5740000000005,0.02,0.02
01.04.2021 08:28:02.174 GMT+0100,3493.1800000000003,3485.656,0.02,0.02
01.04.2021 08:28:14.541 GMT+0100,3494.303,3486.492,0.02,0.02
01.04.2021 08:28:23.134 GMT+0100,3496.5490000000004,3489.82,0.02,0.02
01.04.2021 08:28:26.195 GMT+0100,3496.221,3488.533,0.02,0.02
01.04.2021 08:28:33.518 GMT+0100,3495.467,3488.7790000000005,0.0075,0.02
01.04.2021 08:28:33.568 GMT+0100,3494.467,3486.656,0.02,0.02
01.04.2021 08:28:36.516 GMT+0100,3495.508,3486.5740000000005,0.02,0.02
01.04.2021 08:28:36.567 GMT+0100,3495.426,3488,0.02,0.02
01.04.2021 08:28:42.089 GMT+0100,3496.5490000000004,3487.697,0.02,0.02
01.04.2021 08:28:55.552 GMT+0100,3496.303,3490.82,0.0075,0.0075
01.04.2021 08:28:55.602 GMT+0100,3497.426,3490.6150000000002,0.02,0.02
01.04.2021 08:28:55.652 GMT+0100,3497,3491.82,0.02,0.02
01.04.2021 08:29:01.021 GMT+0100,3498.426,3491.6150000000002,0.02,0.02
01.04.2021 08:29:05.061 GMT+0100,3497.467,3491.533,0.02,0.02
01.04.2021 08:29:22.636 GMT+0100,3498.426,3491.451,0.02,0.02
01.04.2021 08:29:30.628 GMT+0100,3497,3491.492,0.02,0.02
01.04.2021 08:29:32.495 GMT+0100,3497.385,3492.697,0.02,0.0075
01.04.2021 08:29:37.223 GMT+0100,3498,3492.7790000000005,0.02,0.02
01.04.2021 08:29:56.040 GMT+0100,3495.508,3491.697,0.02,0.02
01.04.2021 08:29:56.192 GMT+0100,3497.3440000000005,3491.738,0.02,0.02
01.04.2021 08:29:56.268 GMT+0100,3497.1800000000003,3492.82,0.02,0.0075
01.04.2021 08:29:57.803 GMT+0100,3497.3440000000005,3491.6150000000002,0.02,0.02
01.04.2021 08:30:25.194 GMT+0100,3497,3489.738,0.02,0.02
01.04.2021 08:30:27.133 GMT+0100,3497.467,3491.7790000000005,0.02,0.02
01.04.2021 08:30:32.688 GMT+0100,3498.303,3491.6150000000002,0.02,0.02
01.04.2021 08:30:33.337 GMT+0100,3496.385,3491.6150000000002,0.02,0.02
01.04.2021 08:30:33.600 GMT+0100,3496.5490000000004,3491,0.02,0.02
01.04.2021 08:30:35.174 GMT+0100,3495.3440000000005,3490.492,0.0075,0.0075
01.04.2021 08:30:35.225 GMT+0100,3495.508,3489.697,0.02,0.02
01.04.2021 08:30:35.275 GMT+0100,3492.508,3487.82,0.02,0.02
01.04.2021 08:30:37.244 GMT+0100,3492.303,3486.533,0.02,0.02
01.04.2021 08:30:37.703 GMT+0100,3492.262,3488,0.02,0.0075
01.04.2021 08:31:56.508 GMT+0100,3492.1800000000003,3488.82,0.01,0.01
01.04.2021 08:31:56.559 GMT+0100,3492.508,3487.6150000000002,0.02,0.02
01.04.2021 08:32:07.330 GMT+0100,3491,3487.451,0.0075,0.0075
01.04.2021 08:32:13.600 GMT+0100,3490.3440000000005,3486.697,0.02,0.02
01.04.2021 08:32:17.278 GMT+0100,3495.221,3488.697,0.02,0.02
01.04.2021 08:32:17.328 GMT+0100,3494.1800000000003,3488.533,0.02,0.02
01.04.2021 08:32:17.378 GMT+0100,3494.508,3487.697,0.02,0.02
01.04.2021 08:32:17.490 GMT+0100,3495.262,3488,0.02,0.02
01.04.2021 08:32:17.541 GMT+0100,3494.1800000000003,3487.7790000000005,0.02,0.02
01.04.2021 08:32:17.591 GMT+0100,3495.262,3487.82,0.02,0.02
01.04.2021 08:32:17.949 GMT+0100,3495.426,3489,0.02,0.0075
01.04.2021 08:32:18.368 GMT+0100,3495,3487.697,0.02,0.02
01.04.2021 08:32:53.605 GMT+0100,3495,3489.451,0.0075,0.0075
01.04.2021 08:32:53.655 GMT+0100,3496.262,3489.738,0.02,0.02
01.04.2021 08:32:57.538 GMT+0100,3498.467,3489.7790000000005,0.02,0.02
01.04.2021 08:32:57.588 GMT+0100,3497.1800000000003,3489.5740000000005,0.02,0.02
01.04.2021 08:32:58.116 GMT+0100,3497.467,3491.697,0.0075,0.0075
01.04.2021 08:32:58.167 GMT+0100,3498.303,3491.451,0.02,0.02
01.04.2021 08:33:22.166 GMT+0100,3497.1800000000003,3491.697,0.02,0.02
01.04.2021 08:33:32.177 GMT+0100,3494.426,3491.5740000000005,0.0075,0.0075
01.04.2021 08:33:32.228 GMT+0100,3494.426,3489.738,0.02,0.02
01.04.2021 08:33:33.236 GMT+0100,3495.467,3490.656,0.0075,0.0075
01.04.2021 08:33:33.286 GMT+0100,3496.1800000000003,3490.7790000000005,0.02,0.02
01.04.2021 08:33:33.337 GMT+0100,3496.467,3489.7790000000005,0.02,0.02
01.04.2021 08:33:34.519 GMT+0100,3496,3490.656,0.02,0.02
01.04.2021 08:34:10.260 GMT+0100,3495.426,3490.6150000000002,0.0075,0.02
01.04.2021 08:34:10.361 GMT+0100,3491.303,3488.82,0.02,0.02
01.04.2021 08:34:11.457 GMT+0100,3492.426,3488.738,0.02,0.02
01.04.2021 08:34:11.741 GMT+0100,3492.426,3487.7790000000005,0.02,0.02
01.04.2021 08:34:19.580 GMT+0100,3492.3440000000005,3488.5740000000005,0.02,0.0075
01.04.2021 08:34:21.838 GMT+0100,3492.385,3489.6150000000002,0.02,0.02
01.04.2021 08:34:36.702 GMT+0100,3494.1800000000003,3489.738,0.02,0.02
01.04.2021 08:34:36.752 GMT+0100,3494.508,3490.7790000000005,0.02,0.02
01.04.2021 08:34:36.975 GMT+0100,3494.303,3489.451,0.02,0.02
01.04.2021 08:34:38.532 GMT+0100,3494.467,3490.697,0.02,0.02
01.04.2021 08:35:10.529 GMT+0100,3494,3487.533,0.02,0.02
01.04.2021 08:35:10.579 GMT+0100,3494.221,3488.451,0.02,0.02
01.04.2021 08:35:10.718 GMT+0100,3494,3487.6150000000002,0.02,0.02
01.04.2021 08:35:14.438 GMT+0100,3493.303,3487.7790000000005,0.02,0.02
01.04.2021 08:35:16.221 GMT+0100,3494.508,3487.738,0.02,0.02
01.04.2021 08:35:52.911 GMT+0100,3493.5490000000004,3487.5740000000005,0.0075,0.02
01.04.2021 08:36:03.835 GMT+0100,3490.508,3488,0.0075,0.02
01.04.2021 08:36:05.732 GMT+0100,3488.303,3487.451,0.0075,0.0075
01.04.2021 08:36:05.783 GMT+0100,3488.3440000000005,3486.738,0.02,0.02
01.04.2021 08:36:05.962 GMT+0100,3490,3486.82,0.02,0.02
01.04.2021 08:36:06.092 GMT+0100,3490.5490000000004,3488,0.02,0.02
01.04.2021 08:36:22.199 GMT+0100,3490,3486.5740000000005,0.02,0.02
01.04.2021 08:36:23.844 GMT+0100,3490.221,3488.5740000000005,0.02,0.02
01.04.2021 08:36:27.663 GMT+0100,3490.5490000000004,3486.82,0.02,0.02
01.04.2021 08:36:30.044 GMT+0100,3493.1800000000003,3486.533,0.02,0.02
01.04.2021 08:36:30.094 GMT+0100,3494.385,3489.82,0.02,0.02
01.04.2021 08:36:30.145 GMT+0100,3495.221,3489.697,0.02,0.02
01.04.2021 08:36:36.536 GMT+0100,3494.385,3489.697,0.0075,0.02
01.04.2021 08:36:47.561 GMT+0100,3494.508,3490.656,0.0075,0.0075
01.04.2021 08:36:47.612 GMT+0100,3496.5490000000004,3490.7790000000005,0.02,0.02
01.04.2021 08:36:47.670 GMT+0100,3496.3440000000005,3491.451,0.0075,0.0075
01.04.2021 08:36:47.720 GMT+0100,3497.221,3491.5740000000005,0.02,0.02
01.04.2021 08:36:53.767 GMT+0100,3496,3489.533,0.02,0.02
01.04.2021 08:36:54.840 GMT+0100,3496.221,3491.82,0.0075,0.0075
01.04.2021 08:36:54.890 GMT+0100,3497.385,3491.5740000000005,0.02,0.02
01.04.2021 08:36:57.968 GMT+0100,3497.385,3490.738,0.02,0.02
01.04.2021 08:36:59.501 GMT+0100,3497.426,3491.492,0.02,0.0075
01.04.2021 08:37:01.678 GMT+0100,3497,3490.5740000000005,0.02,0.02
01.04.2021 08:37:15.229 GMT+0100,3497,3491.738,0.02,0.0075
01.04.2021 08:37:31.827 GMT+0100,3496.385,3491.5740000000005,0.0075,0.02
01.04.2021 08:37:32.056 GMT+0100,3497.426,3491.656,0.02,0.02
01.04.2021 08:37:32.752 GMT+0100,3496.467,3491.533,0.0075,0.02
01.04.2021 08:37:34.388 GMT+0100,3497.1800000000003,3491.82,0.02,0.02
01.04.2021 08:37:38.793 GMT+0100,3498.5490000000004,3491.6150000000002,0.02,0.02
01.04.2021 08:37:46.053 GMT+0100,3497.385,3491.656,0.0075,0.02
01.04.2021 08:38:04.506 GMT+0100,3498.262,3491.451,0.02,0.02
01.04.2021 08:38:14.265 GMT+0100,3497.221,3491.533,0.0075,0.02
01.04.2021 08:38:16.171 GMT+0100,3496.303,3491.6150000000002,0.0075,0.02
01.04.2021 08:38:17.371 GMT+0100,3497.221,3491.7790000000005,0.02,0.02
01.04.2021 08:38:35.640 GMT+0100,3496.3440000000005,3491.738,0.0075,0.02
01.04.2021 08:38:36.054 GMT+0100,3497.262,3491.6150000000002,0.02,0.02
01.04.2021 08:38:51.697 GMT+0100,3496.426,3491.533,0.0075,0.02
01.04.2021 08:39:02.699 GMT+0100,3497.262,3491.656,0.02,0.02
01.04.2021 08:39:10.112 GMT+0100,3496.426,3492,0.0075,0.02
01.04.2021 08:39:15.394 GMT+0100,3494.221,3491.5740000000005,0.0075,0.02
01.04.2021 08:40:34.145 GMT+0100,3492.426,3488.738,0.02,0.02
01.04.2021 08:40:35.131 GMT+0100,3494,3488.533,0.02,0.02
01.04.2021 08:40:47.028 GMT+0100,3494.3440000000005,3489.5740000000005,0.02,0.0075
01.04.2021 08:40:51.314 GMT+0100,3494.221,3488.697,0.02,0.02
01.04.2021 08:40:52.436 GMT+0100,3492.467,3487.451,0.02,0.02
01.04.2021 08:40:53.644 GMT+0100,3492,3488.492,0.02,0.0075
01.04.2021 08:40:55.575 GMT+0100,3491.5490000000004,3488.6150000000002,0.0075,0.02
01.04.2021 08:43:55.050 GMT+0100,3494.385,3488.82,0.02,0.02
01.04.2021 08:43:56.244 GMT+0100,3492.262,3488.6150000000002,0.02,0.02
01.04.2021 08:44:57.066 GMT+0100,3492.467,3487.533,0.02,0.02
01.04.2021 08:45:01.221 GMT+0100,3492.3440000000005,3488.451,0.02,0.0075
01.04.2021 08:45:55.777 GMT+0100,3495.385,3489,0.02,0.02
01.04.2021 08:45:57.130 GMT+0100,3494,3488.533,0.02,0.02
01.04.2021 08:46:00.483 GMT+0100,3495.385,3488.738,0.02,0.02
01.04.2021 08:46:04.757 GMT+0100,3494.262,3488.697,0.0075,0.02
01.04.2021 08:46:08.928 GMT+0100,3494.385,3489.5740000000005,0.02,0.0075
01.04.2021 08:46:11.072 GMT+0100,3494.385,3488.656,0.02,0.02
01.04.2021 08:46:12.913 GMT+0100,3494.508,3489.697,0.02,0.0075
01.04.2021 08:46:21.401 GMT+0100,3492.467,3488.6150000000002,0.02,0.02
01.04.2021 08:46:21.530 GMT+0100,3493.262,3488.697,0.02,0.02
01.04.2021 08:46:50.236 GMT+0100,3492.5490000000004,3488.7790000000005,0.02,0.02
01.04.2021 08:46:50.836 GMT+0100,3491.5490000000004,3488.5740000000005,0.0075,0.02
01.04.2021 08:47:43.028 GMT+0100,3490.508,3485.82,0.02,0.02
01.04.2021 08:47:43.255 GMT+0100,3490.5490000000004,3486.738,0.02,0.0075
01.04.2021 08:47:43.470 GMT+0100,3490.262,3487.738,0.02,0.02
01.04.2021 08:47:47.946 GMT+0100,3489.5490000000004,3484.6150000000002,0.02,0.02
01.04.2021 08:47:48.101 GMT+0100,3490.221,3484.451,0.02,0.02
01.04.2021 08:47:48.424 GMT+0100,3490.467,3485.5740000000005,0.02,0.02
01.04.2021 08:47:48.640 GMT+0100,3490.426,3486.82,0.02,0.0075
01.04.2021 08:47:52.470 GMT+0100,3490,3487.82,0.02,0.0075
01.04.2021 08:49:00.487 GMT+0100,3490.303,3488.5740000000005,0.01,0.01
01.04.2021 08:49:06.128 GMT+0100,3490.5490000000004,3486.82,0.02,0.02
01.04.2021 08:49:07.196 GMT+0100,3491.385,3487.5740000000005,0.02,0.02
01.04.2021 08:49:07.567 GMT+0100,3491.262,3490.5,0.0075,0.0075
01.04.2021 08:49:07.618 GMT+0100,3492.262,3490.656,0.02,0.02
01.04.2021 08:49:08.262 GMT+0100,3492.5490000000004,3489.656,0.02,0.02
01.04.2021 08:49:50.074 GMT+0100,3492.426,3490.738,0.0075,0.0075
01.04.2021 08:49:50.125 GMT+0100,3493.508,3490.656,0.02,0.02
01.04.2021 08:49:51.173 GMT+0100,3495.385,3489.7790000000005,0.02,0.02
01.04.2021 08:49:51.704 GMT+0100,3495.3440000000005,3490.5740000000005,0.02,0.02
01.04.2021 08:50:00.792 GMT+0100,3494.508,3490.451,0.0075,0.0075
01.04.2021 08:50:00.843 GMT+0100,3494.467,3489.7790000000005,0.02,0.02
01.04.2021 08:50:01.353 GMT+0100,3492.221,3489.7790000000005,0.0075,0.02
01.04.2021 08:50:10.527 GMT+0100,3491.221,3489.738,0.0075,0.02
01.04.2021 08:50:10.678 GMT+0100,3492.262,3489.738,0.02,0.02
01.04.2021 08:50:25.305 GMT+0100,3496.508,3491.7790000000005,0.02,0.02
01.04.2021 08:50:25.406 GMT+0100,3496.5490000000004,3490.7790000000005,0.02,0.02
01.04.2021 08:50:25.787 GMT+0100,3496.303,3491.656,0.02,0.0075
01.04.2021 08:50:26.504 GMT+0100,3496.1800000000003,3492.451,0.02,0.0075
01.04.2021 08:50:40.477 GMT+0100,3496.467,3493.5740000000005,0.02,0.0075
01.04.2021 08:50:40.528 GMT+0100,3499.262,3493.451,0.02,0.02
01.04.2021 08:50:40.652 GMT+0100,3499.303,3494.6150000000002,0.02,0.0075
01.04.2021 08:50:41.046 GMT+0100,3499.262,3495.451,0.02,0.0075
01.04.2021 08:51:11.044 GMT+0100,3499.426,3496.492,0.02,0.02
01.04.2021 08:51:24.060 GMT+0100,3499.508,3495.738,0.02,0.02
01.04.2021 08:51:50.628 GMT+0100,3501.508,3495.5740000000005,0.02,0.02
01.04.2021 08:51:50.721 GMT+0100,3501.221,3496.7790000000005,0.02,0.0075
01.04.2021 08:51:50.872 GMT+0100,3502.1800000000003,3496.7790000000005,0.02,0.02
01.04.2021 08:51:50.922 GMT+0100,3501.508,3497.533,0.02,0.02
01.04.2021 08:52:00.626 GMT+0100,3502.262,3497.738,0.02,0.02
01.04.2021 08:52:17.538 GMT+0100,3501.3440000000005,3497.492,0.0075,0.02
01.04.2021 08:52:33.263 GMT+0100,3499.5490000000004,3497.7790000000005,0.0075,0.02
01.04.2021 08:52:39.237 GMT+0100,3498.262,3497.5,0.0075,0.0075
01.04.2021 08:52:39.287 GMT+0100,3498.303,3495,0.02,0.02
01.04.2021 08:52:40.878 GMT+0100,3498.1800000000003,3495.7790000000005,0.02,0.0075
01.04.2021 08:53:21.248 GMT+0100,3497.262,3495.492,0.0075,0.02
01.04.2021 08:53:21.491 GMT+0100,3497.508,3494.656,0.02,0.02
01.04.2021 08:54:04.126 GMT+0100,3498.221,3495,0.02,0.02
01.04.2021 08:54:04.176 GMT+0100,3498.508,3495.533,0.02,0.02
01.04.2021 08:54:12.984 GMT+0100,3498.1800000000003,3494.533,0.02,0.02
01.04.2021 08:54:13.899 GMT+0100,3498.467,3495.451,0.02,0.02
01.04.2021 08:54:14.038 GMT+0100,3498,3494.533,0.02,0.02
01.04.2021 08:54:26.488 GMT+0100,3498.508,3495.6150000000002,0.02,0.02
01.04.2021 08:54:26.597 GMT+0100,3498,3494.533,0.02,0.02
01.04.2021 08:54:43.137 GMT+0100,3498.426,3493.7790000000005,0.02,0.02
01.04.2021 08:54:43.187 GMT+0100,3497.221,3493.533,0.02,0.02
01.04.2021 08:54:43.290 GMT+0100,3495.3440000000005,3493.697,0.02,0.02
01.04.2021 08:54:43.771 GMT+0100,3497.221,3493.451,0.02,0.02
01.04.2021 08:54:56.032 GMT+0100,3497.467,3494.492,0.02,0.0075
01.04.2021 08:54:56.133 GMT+0100,3497.426,3493.5740000000005,0.02,0.02
01.04.2021 08:54:56.465 GMT+0100,3497.262,3494.6150000000002,0.02,0.0075
01.04.2021 08:54:56.566 GMT+0100,3497.262,3493.738,0.02,0.02
01.04.2021 08:55:12.825 GMT+0100,3499.262,3494.738,0.02,0.02
01.04.2021 08:55:12.925 GMT+0100,3501.508,3495,0.02,0.02
01.04.2021 08:55:12.975 GMT+0100,3499.1800000000003,3494.738,0.02,0.02
01.04.2021 08:55:13.098 GMT+0100,3501.221,3494.533,0.02,0.02
01.04.2021 08:55:13.472 GMT+0100,3501.5490000000004,3497,0.02,0.02
01.04.2021 08:55:13.836 GMT+0100,3499.3440000000005,3496.492,0.02,0.02
01.04.2021 08:55:46.339 GMT+0100,3499.426,3494.451,0.02,0.02
01.04.2021 08:55:46.669 GMT+0100,3499.221,3496.656,0.02,0.0075
01.04.2021 08:55:46.719 GMT+0100,3499.3440000000005,3494.492,0.02,0.02
01.04.2021 08:55:48.465 GMT+0100,3499.303,3495.5740000000005,0.02,0.0075
01.04.2021 08:55:50.379 GMT+0100,3499.5490000000004,3494.451,0.02,0.02
01.04.2021 08:55:55.976 GMT+0100,3499.1800000000003,3495.492,0.02,0.0075
01.04.2021 08:56:02.220 GMT+0100,3499.426,3494.451,0.02,0.02
01.04.2021 08:56:03.671 GMT+0100,3498.3440000000005,3494.6150000000002,0.02,0.02
01.04.2021 08:56:06.682 GMT+0100,3499,3494.656,0.02,0.02
01.04.2021 08:56:06.832 GMT+0100,3499,3496.492,0.02,0.02
01.04.2021 08:56:07.574 GMT+0100,3499,3497.738,0.02,0.02
01.04.2021 08:56:46.382 GMT+0100,3502.385,3497.451,0.02,0.02
01.04.2021 08:57:45.617 GMT+0100,3502.5490000000004,3498.7790000000005,0.02,0.0075
01.04.2021 08:57:51.253 GMT+0100,3501.508,3498.697,0.0075,0.0075
01.04.2021 08:57:51.303 GMT+0100,3501.1800000000003,3497.533,0.02,0.02
01.04.2021 08:57:51.632 GMT+0100,3502.303,3497.82,0.02,0.02
01.04.2021 08:58:11.098 GMT+0100,3501.303,3497.5740000000005,0.0075,0.02
01.04.2021 08:58:16.354 GMT+0100,3502.385,3497.697,0.02,0.02
01.04.2021 08:58:51.695 GMT+0100,3501.467,3496.697,0.02,0.02
01.04.2021 08:58:52.930 GMT+0100,3499.467,3496.6150000000002,0.0075,0.02
01.04.2021 09:01:08.264 GMT+0100,3498.5490000000004,3495.82,0.02,0.02
01.04.2021 09:01:08.315 GMT+0100,3498.385,3492.492,0.02,0.02
01.04.2021 09:01:11.265 GMT+0100,3498.262,3493.5740000000005,0.02,0.0075
01.04.2021 09:01:12.177 GMT+0100,3497.426,3493.492,0.02,0.02
01.04.2021 09:01:23.000 GMT+0100,3497.3440000000005,3492.492,0.02,0.02
01.04.2021 09:01:25.467 GMT+0100,3496.467,3492.738,0.0075,0.02
01.04.2021 09:01:40.028 GMT+0100,3496.303,3493.451,0.02,0.0075
01.04.2021 09:01:52.894 GMT+0100,3496.467,3492.6150000000002,0.02,0.02
01.04.2021 09:01:53.729 GMT+0100,3495.467,3492.5740000000005,0.0075,0.02
01.04.2021 09:01:54.734 GMT+0100,3494.5490000000004,3492.656,0.0075,0.02
01.04.2021 09:01:54.785 GMT+0100,3494.467,3489.533,0.02,0.02
01.04.2021 09:01:56.644 GMT+0100,3494.5490000000004,3490.5740000000005,0.02,0.0075
01.04.2021 09:01:59.934 GMT+0100,3494.385,3489.82,0.02,0.02
01.04.2021 09:02:04.884 GMT+0100,3492.426,3489.533,0.0075,0.02
01.04.2021 09:02:15.828 GMT+0100,3491.3440000000005,3489.7790000000005,0.0075,0.02
01.04.2021 09:02:15.878 GMT+0100,3491.303,3487.656,0.02,0.02
01.04.2021 09:02:15.929 GMT+0100,3491.1800000000003,3486.5740000000005,0.02,0.02
01.04.2021 09:02:16.031 GMT+0100,3490.221,3485.5740000000005,0.0075,0.02
01.04.2021 09:02:16.081 GMT+0100,3491.5490000000004,3486,0.02,0.02
01.04.2021 09:02:16.261 GMT+0100,3491.426,3486.6150000000002,0.02,0.0075
01.04.2021 09:02:16.424 GMT+0100,3490,3486.7790000000005,0.0075,0.02
01.04.2021 09:02:42.535 GMT+0100,3489.3440000000005,3487,0.02,0.02
01.04.2021 09:03:10.427 GMT+0100,3489.467,3483.5740000000005,0.02,0.02
01.04.2021 09:03:10.640 GMT+0100,3489.262,3485.5740000000005,0.02,0.02
01.04.2021 09:03:11.879 GMT+0100,3488.508,3485.738,0.0075,0.02
01.04.2021 09:03:21.335 GMT+0100,3488.221,3484,0.02,0.02
01.04.2021 09:04:06.515 GMT+0100,3487.3440000000005,3482.7790000000005,0.02,0.02
01.04.2021 09:04:07.519 GMT+0100,3486.385,3482.492,0.02,0.02
01.04.2021 09:04:13.171 GMT+0100,3486.467,3486,0.0075,0.0075
01.04.2021 09:04:13.222 GMT+0100,3489.426,3485.697,0.02,0.02
01.04.2021 09:04:13.636 GMT+0100,3489.262,3484.656,0.02,0.02
01.04.2021 09:04:16.782 GMT+0100,3490.1800000000003,3485,0.02,0.02
01.04.2021 09:04:17.483 GMT+0100,3490.3440000000005,3485.7790000000005,0.02,0.0075
01.04.2021 09:04:27.844 GMT+0100,3490.3440000000005,3486.7790000000005,0.02,0.0075
01.04.2021 09:04:33.482 GMT+0100,3490,3485.7790000000005,0.02,0.02
01.04.2021 09:04:35.060 GMT+0100,3490.262,3487,0.02,0.0075
01.04.2021 09:05:31.712 GMT+0100,3489.508,3486.656,0.02,0.02
01.04.2021 09:05:31.763 GMT+0100,3490.426,3486.6150000000002,0.02,0.02
01.04.2021 09:05:40.706 GMT+0100,3489.1800000000003,3486.656,0.0075,0.02
01.04.2021 09:05:49.962 GMT+0100,3489.3440000000005,3485.82,0.02,0.02
01.04.2021 09:05:50.012 GMT+0100,3489.3440000000005,3486.697,0.02,0.02
01.04.2021 09:05:50.062 GMT+0100,3489.467,3485.5740000000005,0.02,0.02
01.04.2021 09:05:50.314 GMT+0100,3489.303,3486.5740000000005,0.02,0.02
01.04.2021 09:05:50.774 GMT+0100,3489.426,3485.6150000000002,0.02,0.02
01.04.2021 09:06:34.457 GMT+0100,3487.5490000000004,3485.451,0.0075,0.0075
01.04.2021 09:06:34.507 GMT+0100,3487.3440000000005,3481.82,0.02,0.02
01.04.2021 09:06:34.558 GMT+0100,3487,3480.5740000000005,0.02,0.02
01.04.2021 09:06:34.794 GMT+0100,3485.508,3480.451,0.0075,0.02
01.04.2021 09:06:34.944 GMT+0100,3485.467,3481.6150000000002,0.02,0.02
01.04.2021 09:06:37.061 GMT+0100,3485.1800000000003,3480.7790000000005,0.02,0.02
01.04.2021 09:06:37.112 GMT+0100,3485.3440000000005,3481.492,0.02,0.02
01.04.2021 09:06:37.381 GMT+0100,3485.385,3481,0.02,0.02
01.04.2021 09:06:38.747 GMT+0100,3484,3480.451,0.0075,0.02
01.04.2021 09:06:38.919 GMT+0100,3485.221,3480.82,0.02,0.02
01.04.2021 09:06:40.536 GMT+0100,3485.262,3478.697,0.02,0.02
01.04.2021 09:06:40.587 GMT+0100,3485.467,3480.451,0.02,0.02
01.04.2021 09:06:42.040 GMT+0100,3483,3480.492,0.0075,0.0075
01.04.2021 09:06:42.090 GMT+0100,3485.385,3478.738,0.02,0.02
01.04.2021 09:06:43.522 GMT+0100,3484.5490000000004,3478.533,0.02,0.02
01.04.2021 09:06:43.864 GMT+0100,3483.5490000000004,3479,0.0075,0.02
01.04.2021 09:06:47.665 GMT+0100,3482.385,3478.533,0.0075,0.0075
01.04.2021 09:06:47.716 GMT+0100,3482.5490000000004,3476.451,0.02,0.02
01.04.2021 09:06:48.812 GMT+0100,3482.1800000000003,3478,0.02,0.02
01.04.2021 09:06:49.133 GMT+0100,3481.262,3474.697,0.02,0.02
01.04.2021 09:06:49.183 GMT+0100,3479.5490000000004,3474.738,0.02,0.02
01.04.2021 09:06:49.502 GMT+0100,3479.385,3475.451,0.02,0.0075
01.04.2021 09:06:51.187 GMT+0100,3479.426,3474.697,0.02,0.02
01.04.2021 09:06:54.421 GMT+0100,3479.467,3472.533,0.02,0.02
01.04.2021 09:06:55.487 GMT+0100,3479,3473.82,0.02,0.02
01.04.2021 09:06:57.508 GMT+0100,3479.508,3474.451,0.02,0.02
01.04.2021 09:06:59.232 GMT+0100,3479.5490000000004,3472.82,0.02,0.02
01.04.2021 09:07:00.068 GMT+0100,3479.426,3473.82,0.02,0.0075
01.04.2021 09:07:03.170 GMT+0100,3479.467,3472.5740000000005,0.02,0.02
01.04.2021 09:07:05.089 GMT+0100,3479.467,3473.7790000000005,0.02,0.0075
01.04.2021 09:07:16.917 GMT+0100,3479.426,3474.451,0.02,0.02
01.04.2021 09:07:18.069 GMT+0100,3479.221,3475.82,0.02,0.02
01.04.2021 09:07:19.361 GMT+0100,3479.221,3477,0.02,0.0075
01.04.2021 09:07:20.954 GMT+0100,3479.508,3474.6150000000002,0.02,0.02
01.04.2021 09:07:32.718 GMT+0100,3479.221,3475.492,0.02,0.0075
01.04.2021 09:07:42.920 GMT+0100,3479.5490000000004,3476.492,0.02,0.0075
01.04.2021 09:08:33.180 GMT+0100,3475.508,3470.5740000000005,0.02,0.02
01.04.2021 09:08:34.322 GMT+0100,3474.385,3471,0.0075,0.02
01.04.2021 09:09:03.496 GMT+0100,3474.426,3472.492,0.0075,0.0075
01.04.2021 09:09:03.546 GMT+0100,3477,3471.6150000000002,0.02,0.02
01.04.2021 09:09:16.032 GMT+0100,3477.1800000000003,3472.82,0.02,0.0075
01.04.2021 09:09:16.516 GMT+0100,3477.221,3471.697,0.02,0.02
01.04.2021 09:09:28.706 GMT+0100,3477.3440000000005,3472.82,0.02,0.0075
01.04.2021 09:09:33.998 GMT+0100,3477.467,3471.656,0.02,0.02
01.04.2021 09:10:01.423 GMT+0100,3477,3470.738,0.02,0.02
01.04.2021 09:10:01.760 GMT+0100,3476.1800000000003,3470.6150000000002,0.0075,0.02
01.04.2021 09:10:03.058 GMT+0100,3476.3440000000005,3471.7790000000005,0.02,0.0075
01.04.2021 09:10:04.022 GMT+0100,3477.303,3471.533,0.02,0.02
01.04.2021 09:10:28.232 GMT+0100,3477.426,3472.697,0.02,0.0075
01.04.2021 09:10:29.301 GMT+0100,3475.467,3472.533,0.02,0.02
01.04.2021 09:10:51.588 GMT+0100,3475.5490000000004,3471.656,0.02,0.02
01.04.2021 09:11:17.522 GMT+0100,3474.426,3471.492,0.0075,0.02
01.04.2021 09:11:32.022 GMT+0100,3474.508,3470.7790000000005,0.02,0.02
01.04.2021 09:11:37.148 GMT+0100,3476.508,3471.82,0.02,0.02
01.04.2021 09:11:37.294 GMT+0100,3476.262,3470.82,0.02,0.02
01.04.2021 09:11:38.168 GMT+0100,3475.221,3470.451,0.0075,0.02
01.04.2021 09:11:40.522 GMT+0100,3476.385,3470.738,0.02,0.02
01.04.2021 09:11:41.692 GMT+0100,3475.508,3470.5740000000005,0.0075,0.02
01.04.2021 09:12:13.473 GMT+0100,3476.426,3471.5740000000005,0.02,0.02
01.04.2021 09:12:13.523 GMT+0100,3477.262,3471.7790000000005,0.02,0.02
01.04.2021 09:12:28.480 GMT+0100,3477.303,3472.451,0.02,0.0075
01.04.2021 09:12:37.142 GMT+0100,3475.3440000000005,3473,0.0075,0.0075
01.04.2021 09:12:37.193 GMT+0100,3475.467,3470.5740000000005,0.02,0.02
01.04.2021 09:12:43.138 GMT+0100,3476.303,3470.697,0.02,0.02
01.04.2021 09:12:48.938 GMT+0100,3476.426,3473.656,0.02,0.0075
01.04.2021 09:12:48.989 GMT+0100,3476,3472.738,0.02,0.02
01.04.2021 09:12:49.114 GMT+0100,3476.303,3473.5740000000005,0.02,0.0075
01.04.2021 09:12:59.621 GMT+0100,3475.1800000000003,3470.738,0.02,0.02
01.04.2021 09:13:23.216 GMT+0100,3474.221,3470.533,0.0075,0.0075
01.04.2021 09:13:23.266 GMT+0100,3474.467,3469.656,0.02,0.02
01.04.2021 09:13:27.449 GMT+0100,3475.262,3469.5740000000005,0.02,0.02
01.04.2021 09:13:31.480 GMT+0100,3475.385,3470.5740000000005,0.0075,0.0075
01.04.2021 09:13:33.602 GMT+0100,3475.467,3469.82,0.02,0.02
01.04.2021 09:13:37.640 GMT+0100,3474.221,3470,0.0075,0.02
01.04.2021 09:13:40.333 GMT+0100,3475.426,3469.7790000000005,0.02,0.02
01.04.2021 09:13:46.746 GMT+0100,3475.262,3470.656,0.02,0.02
01.04.2021 09:14:21.440 GMT+0100,3475.426,3469.656,0.02,0.02
01.04.2021 09:14:28.023 GMT+0100,3475.385,3470.656,0.02,0.02
01.04.2021 09:14:29.419 GMT+0100,3475.467,3469.697,0.02,0.02
01.04.2021 09:14:33.048 GMT+0100,3475.221,3471,0.02,0.0075
01.04.2021 09:14:43.219 GMT+0100,3474,3470.451,0.0075,0.0075
01.04.2021 09:14:43.269 GMT+0100,3474.262,3469.451,0.02,0.02
01.04.2021 09:14:43.320 GMT+0100,3475.3440000000005,3469.7790000000005,0.02,0.02
01.04.2021 09:14:44.666 GMT+0100,3474.3440000000005,3469.533,0.0075,0.02
01.04.2021 09:14:51.910 GMT+0100,3475.221,3469.82,0.02,0.02
01.04.2021 09:14:53.435 GMT+0100,3474.467,3469.5740000000005,0.02,0.02
01.04.2021 09:15:00.601 GMT+0100,3472.426,3469.533,0.02,0.02
01.04.2021 09:15:43.680 GMT+0100,3472.3440000000005,3467.451,0.02,0.02
01.04.2021 09:16:04.304 GMT+0100,3470.262,3467.451,0.0075,0.02
01.04.2021 09:16:48.417 GMT+0100,3470.5490000000004,3465.451,0.02,0.02
01.04.2021 09:16:50.770 GMT+0100,3469.303,3465.5740000000005,0.0075,0.02
01.04.2021 09:16:52.690 GMT+0100,3469.508,3464.451,0.02,0.02
01.04.2021 09:16:54.059 GMT+0100,3469.508,3465.451,0.02,0.0075
01.04.2021 09:17:00.914 GMT+0100,3469.467,3467.82,0.02,0.0075
01.04.2021 09:17:00.965 GMT+0100,3470.3440000000005,3467.533,0.02,0.02
01.04.2021 09:17:05.648 GMT+0100,3470.3440000000005,3468.6150000000002,0.0075,0.0075
01.04.2021 09:17:05.699 GMT+0100,3472.467,3469,0.02,0.02
01.04.2021 09:17:05.851 GMT+0100,3472.426,3467.451,0.02,0.02
01.04.2021 09:17:07.377 GMT+0100,3471.262,3467.82,0.02,0.02
01.04.2021 09:17:09.728 GMT+0100,3471.426,3468.492,0.02,0.0075
01.04.2021 09:17:36.100 GMT+0100,3471.1800000000003,3465.5740000000005,0.02,0.02
01.04.2021 09:17:36.151 GMT+0100,3471.3440000000005,3466.7790000000005,0.02,0.02
01.04.2021 09:17:43.566 GMT+0100,3470.426,3466.5740000000005,0.0075,0.02
01.04.2021 09:17:43.617 GMT+0100,3470,3466,0.02,0.02
01.04.2021 09:17:43.677 GMT+0100,3470.508,3466.451,0.0075,0.0075
01.04.2021 09:17:43.727 GMT+0100,3471.1800000000003,3466.492,0.02,0.02
01.04.2021 09:18:01.704 GMT+0100,3471.426,3467.656,0.02,0.0075
01.04.2021 09:18:03.773 GMT+0100,3471.385,3466.7790000000005,0.02,0.02
01.04.2021 09:18:23.198 GMT+0100,3471.1800000000003,3468,0.02,0.0075
01.04.2021 09:18:25.770 GMT+0100,3471,3466.6150000000002,0.02,0.02
01.04.2021 09:18:43.035 GMT+0100,3471.1800000000003,3468,0.02,0.0075
01.04.2021 09:18:46.503 GMT+0100,3471.1800000000003,3466.697,0.02,0.02
01.04.2021 09:18:47.913 GMT+0100,3471.5490000000004,3468,0.02,0.0075
01.04.2021 09:18:48.171 GMT+0100,3471.426,3466.656,0.02,0.02
01.04.2021 09:19:08.548 GMT+0100,3471.1800000000003,3467.451,0.02,0.02
01.04.2021 09:19:39.444 GMT+0100,3471.303,3469.656,0.0075,0.0075
01.04.2021 09:19:39.495 GMT+0100,3472.426,3468.6150000000002,0.02,0.02
01.04.2021 09:19:39.568 GMT+0100,3472.3440000000005,3467.6150000000002,0.02,0.02
01.04.2021 09:19:41.070 GMT+0100,3472.426,3468.82,0.02,0.0075
01.04.2021 09:19:43.118 GMT+0100,3472.221,3467.492,0.02,0.02
01.04.2021 09:19:45.236 GMT+0100,3472.3440000000005,3468.5740000000005,0.02,0.02
01.04.2021 09:19:47.545 GMT+0100,3472.508,3467.82,0.02,0.02
01.04.2021 09:19:48.972 GMT+0100,3472.5490000000004,3468.697,0.02,0.0075
01.04.2021 09:19:53.486 GMT+0100,3472.1800000000003,3467.697,0.02,0.02
01.04.2021 09:19:55.677 GMT+0100,3472.467,3468.6150000000002,0.0075,0.0075
01.04.2021 09:19:55.727 GMT+0100,3473.1800000000003,3468.82,0.02,0.02
01.04.2021 09:19:57.971 GMT+0100,3473.426,3467.6150000000002,0.02,0.02
01.04.2021 09:19:58.346 GMT+0100,3473.467,3468.6150000000002,0.02,0.0075
01.04.2021 09:20:01.712 GMT+0100,3473.508,3467.492,0.02,0.02
01.04.2021 09:20:46.288 GMT+0100,3472.303,3467.5740000000005,0.0075,0.02
01.04.2021 09:20:48.125 GMT+0100,3472.303,3468.82,0.02,0.0075
01.04.2021 09:21:42.296 GMT+0100,3472.303,3467.6150000000002,0.02,0.02
01.04.2021 09:21:42.656 GMT+0100,3472.385,3468.451,0.02,0.0075
01.04.2021 09:22:14.958 GMT+0100,3472.262,3469.451,0.02,0.02
01.04.2021 09:22:15.008 GMT+0100,3472.1800000000003,3468.656,0.02,0.02
01.04.2021 09:23:37.023 GMT+0100,3472.303,3470,0.02,0.02
01.04.2021 09:23:42.684 GMT+0100,3472.3440000000005,3470.533,0.02,0.02
01.04.2021 09:23:45.235 GMT+0100,3472.5490000000004,3471.6150000000002,0.0075,0.0075
01.04.2021 09:23:45.285 GMT+0100,3476,3472.82,0.02,0.02
01.04.2021 09:24:10.532 GMT+0100,3475.3440000000005,3472.492,0.0075,0.02
01.04.2021 09:25:45.077 GMT+0100,3475.1800000000003,3473.6150000000002,0.0075,0.0075
01.04.2021 09:25:45.127 GMT+0100,3476.303,3473.7790000000005,0.02,0.02
01.04.2021 09:25:45.340 GMT+0100,3476.5490000000004,3474.738,0.02,0.0075
01.04.2021 09:25:45.527 GMT+0100,3479.221,3474.738,0.02,0.02
01.04.2021 09:25:45.577 GMT+0100,3479.3440000000005,3475.738,0.02,0.02
01.04.2021 09:25:45.627 GMT+0100,3479.221,3474.451,0.02,0.02
01.04.2021 09:25:57.516 GMT+0100,3479.303,3475.5740000000005,0.0075,0.0075
01.04.2021 09:27:15.830 GMT+0100,3480.221,3475.492,0.02,0.02
01.04.2021 09:27:18.114 GMT+0100,3480.426,3474.492,0.02,0.02
01.04.2021 09:27:19.749 GMT+0100,3479.426,3474.451,0.0075,0.02
01.04.2021 09:27:42.428 GMT+0100,3479.1800000000003,3475.492,0.02,0.0075
01.04.2021 09:27:57.440 GMT+0100,3480.467,3475.451,0.02,0.02
01.04.2021 09:28:00.028 GMT+0100,3479.1800000000003,3475.5740000000005,0.0075,0.02
01.04.2021 09:28:03.929 GMT+0100,3480.3440000000005,3475.5740000000005,0.02,0.02
01.04.2021 09:28:09.782 GMT+0100,3479.262,3476,0.0075,0.02
01.04.2021 09:28:59.283 GMT+0100,3480,3475.656,0.02,0.02
01.04.2021 09:29:07.555 GMT+0100,3480.1800000000003,3476.82,0.02,0.0075
01.04.2021 09:29:23.419 GMT+0100,3479.426,3476.738,0.0075,0.02
01.04.2021 09:29:25.493 GMT+0100,3480.467,3476.82,0.02,0.02
01.04.2021 09:29:51.019 GMT+0100,3480.303,3475.7790000000005,0.02,0.02
01.04.2021 09:29:55.252 GMT+0100,3479.3440000000005,3475.492,0.02,0.02
01.04.2021 09:29:56.451 GMT+0100,3478.221,3475.738,0.02,0.02
01.04.2021 09:30:00.924 GMT+0100,3478.5490000000004,3476.697,0.0075,0.0075
01.04.2021 09:30:00.974 GMT+0100,3481.508,3476.492,0.02,0.02
01.04.2021 09:30:01.113 GMT+0100,3481.467,3477.697,0.02,0.0075
01.04.2021 09:30:07.757 GMT+0100,3482,3479,0.02,0.02
01.04.2021 09:30:07.807 GMT+0100,3483.426,3478.82,0.02,0.02
01.04.2021 09:30:08.520 GMT+0100,3483.426,3479.6150000000002,0.02,0.02
01.04.2021 09:30:09.277 GMT+0100,3482.426,3479.5740000000005,0.0075,0.02
01.04.2021 09:30:10.811 GMT+0100,3484.262,3479.7790000000005,0.02,0.02
01.04.2021 09:30:11.432 GMT+0100,3484.3440000000005,3480.533,0.02,0.0075
01.04.2021 09:30:11.682 GMT+0100,3485.385,3480.492,0.02,0.02
01.04.2021 09:30:12.007 GMT+0100,3485.385,3481.6150000000002,0.02,0.02
01.04.2021 09:30:16.484 GMT+0100,3484.5490000000004,3482,0.0075,0.02
01.04.2021 09:30:19.798 GMT+0100,3484.426,3480.7790000000005,0.02,0.02
01.04.2021 09:30:27.771 GMT+0100,3483.3440000000005,3479.451,0.02,0.02
01.04.2021 09:30:27.821 GMT+0100,3483.262,3478.533,0.02,0.02
01.04.2021 09:30:32.340 GMT+0100,3484.5490000000004,3478.492,0.02,0.02
01.04.2021 09:30:33.832 GMT+0100,3484.221,3480.738,0.02,0.0075
01.04.2021 09:30:35.026 GMT+0100,3483.3440000000005,3480.492,0.02,0.02
01.04.2021 09:30:38.419 GMT+0100,3483,3479.451,0.02,0.02
01.04.2021 09:30:42.188 GMT+0100,3483.303,3480.451,0.02,0.02
01.04.2021 09:32:04.764 GMT+0100,3483.467,3479.533,0.02,0.02
01.04.2021 09:32:06.257 GMT+0100,3482.221,3479.82,0.0075,0.02
01.04.2021 09:32:09.392 GMT+0100,3482.508,3478.533,0.02,0.02
01.04.2021 09:32:13.479 GMT+0100,3482.3440000000005,3479.492,0.02,0.0075
01.04.2021 09:32:19.286 GMT+0100,3482.303,3478.6150000000002,0.02,0.02
01.04.2021 09:32:20.655 GMT+0100,3482.262,3480,0.02,0.0075
01.04.2021 09:32:22.619 GMT+0100,3482.508,3478.7790000000005,0.02,0.02
01.04.2021 09:32:24.013 GMT+0100,3482.508,3479.738,0.02,0.0075
01.04.2021 09:32:24.114 GMT+0100,3482.303,3478.6150000000002,0.02,0.02
01.04.2021 09:32:35.482 GMT+0100,3483.426,3478.656,0.02,0.02
01.04.2021 09:32:36.506 GMT+0100,3484.221,3480.451,0.02,0.02
01.04.2021 09:32:44.666 GMT+0100,3483.303,3480.5740000000005,0.0075,0.0075
01.04.2021 09:32:44.717 GMT+0100,3483.426,3478.697,0.02,0.02
01.04.2021 09:33:13.444 GMT+0100,3483.3440000000005,3479.492,0.02,0.02
01.04.2021 09:33:16.056 GMT+0100,3484.221,3480.533,0.02,0.02
01.04.2021 09:33:19.858 GMT+0100,3483.385,3480.492,0.0075,0.0075
01.04.2021 09:33:19.908 GMT+0100,3483.1800000000003,3479.533,0.02,0.02
01.04.2021 09:33:20.057 GMT+0100,3483.3440000000005,3480.451,0.0075,0.0075
01.04.2021 09:33:20.107 GMT+0100,3484.385,3481,0.02,0.02
01.04.2021 09:33:20.162 GMT+0100,3483.426,3480.697,0.0075,0.0075
01.04.2021 09:33:20.212 GMT+0100,3483.303,3479.5740000000005,0.02,0.02
01.04.2021 09:33:20.490 GMT+0100,3484.303,3479.6150000000002,0.02,0.02
01.04.2021 09:33:56.756 GMT+0100,3484.221,3480.6150000000002,0.02,0.02
01.04.2021 09:33:57.480 GMT+0100,3484.3440000000005,3479.738,0.02,0.02
01.04.2021 09:34:38.718 GMT+0100,3483.3440000000005,3479.533,0.0075,0.02
01.04.2021 09:34:55.673 GMT+0100,3483.508,3480.82,0.02,0.0075
01.04.2021 09:34:56.016 GMT+0100,3483.385,3479.7790000000005,0.02,0.02
01.04.2021 09:34:56.472 GMT+0100,3483.426,3481.7790000000005,0.02,0.02
01.04.2021 09:35:24.082 GMT+0100,3485.385,3481.697,0.02,0.02
01.04.2021 09:35:24.444 GMT+0100,3485.5490000000004,3482.656,0.02,0.0075
01.04.2021 09:35:25.912 GMT+0100,3487.3440000000005,3484.451,0.02,0.02
01.04.2021 09:35:27.440 GMT+0100,3486,3484.6150000000002,0.0075,0.02
01.04.2021 09:35:35.967 GMT+0100,3488,3485,0.02,0.02
01.04.2021 09:36:51.673 GMT+0100,3487.508,3484.6150000000002,0.0075,0.02
01.04.2021 09:37:13.301 GMT+0100,3487,3482.451,0.02,0.02
01.04.2021 09:37:13.401 GMT+0100,3486.467,3482.533,0.02,0.02
01.04.2021 09:37:22.059 GMT+0100,3486.262,3484.492,0.02,0.0075
01.04.2021 09:37:34.464 GMT+0100,3485.262,3482.5740000000005,0.02,0.02
01.04.2021 09:37:34.591 GMT+0100,3486.262,3482.656,0.02,0.02
01.04.2021 09:37:37.353 GMT+0100,3485.467,3482.533,0.0075,0.02
01.04.2021 09:37:37.403 GMT+0100,3485.262,3481.492,0.02,0.02
01.04.2021 09:38:16.755 GMT+0100,3484.508,3481.5740000000005,0.0075,0.02
01.04.2021 09:39:13.840 GMT+0100,3485.3440000000005,3481.7790000000005,0.02,0.02
01.04.2021 09:39:22.457 GMT+0100,3484,3481.738,0.0075,0.02
01.04.2021 09:40:20.381 GMT+0100,3484.221,3482.451,0.02,0.02
01.04.2021 09:40:21.021 GMT+0100,3485.1800000000003,3482.6150000000002,0.02,0.02
01.04.2021 09:40:21.117 GMT+0100,3484.385,3482.738,0.0075,0.02
01.04.2021 09:40:27.536 GMT+0100,3485.508,3482.5740000000005,0.02,0.02
01.04.2021 09:41:07.636 GMT+0100,3485.426,3483.533,0.0075,0.0075
01.04.2021 09:41:07.686 GMT+0100,3486.303,3483.492,0.02,0.02
01.04.2021 09:41:07.832 GMT+0100,3486.3440000000005,3482.6150000000002,0.02,0.02
01.04.2021 09:41:21.479 GMT+0100,3486.508,3483.738,0.02,0.0075
01.04.2021 09:41:28.405 GMT+0100,3488.508,3484.492,0.02,0.02
01.04.2021 09:41:28.488 GMT+0100,3488.262,3485.492,0.02,0.0075
01.04.2021 09:41:30.901 GMT+0100,3488.426,3486.492,0.02,0.0075
01.04.2021 09:41:36.037 GMT+0100,3488,3485.738,0.02,0.02
01.04.2021 09:42:38.442 GMT+0100,3487.385,3484,0.01,0.01
01.04.2021 09:42:38.543 GMT+0100,3487.3440000000005,3482.6150000000002,0.02,0.02
01.04.2021 09:42:38.593 GMT+0100,3488,3483.5740000000005,0.02,0.02
01.04.2021 09:42:38.845 GMT+0100,3488.303,3484.533,0.02,0.0075
01.04.2021 09:42:40.228 GMT+0100,3488,3486.6150000000002,0.0075,0.0075
01.04.2021 09:42:40.278 GMT+0100,3489,3486.7790000000005,0.02,0.02
01.04.2021 09:42:41.744 GMT+0100,3489,3487.656,0.02,0.02
01.04.2021 09:42:43.078 GMT+0100,3490.3440000000005,3487.738,0.02,0.02
01.04.2021 09:42:49.755 GMT+0100,3490.467,3488.451,0.02,0.02
01.04.2021 09:42:53.512 GMT+0100,3490.3440000000005,3487.533,0.02,0.02
01.04.2021 09:42:58.486 GMT+0100,3491.385,3487.697,0.02,0.02
01.04.2021 09:43:17.277 GMT+0100,3488.262,3485.82,0.02,0.02
01.04.2021 09:43:17.610 GMT+0100,3488.426,3483.82,0.02,0.02
01.04.2021 09:43:18.940 GMT+0100,3488.467,3484.6150000000002,0.02,0.02
01.04.2021 09:43:19.290 GMT+0100,3489.3440000000005,3484.492,0.02,0.02
01.04.2021 09:43:19.342 GMT+0100,3489,3485.533,0.0075,0.0075
01.04.2021 09:43:19.392 GMT+0100,3490,3485.533,0.02,0.02
01.04.2021 09:43:20.810 GMT+0100,3489.303,3486,0.02,0.02
01.04.2021 09:44:20.884 GMT+0100,3488.221,3485.6150000000002,0.0075,0.02
01.04.2021 09:44:22.432 GMT+0100,3487.385,3485.656,0.0075,0.02
01.04.2021 09:44:23.319 GMT+0100,3487.385,3482.738,0.02,0.02
01.04.2021 09:44:23.433 GMT+0100,3486.3440000000005,3482.451,0.0075,0.0075
01.04.2021 09:44:23.483 GMT+0100,3486,3481.492,0.02,0.02
01.04.2021 09:44:24.695 GMT+0100,3486.5490000000004,3482.533,0.02,0.0075
01.04.2021 09:44:24.949 GMT+0100,3487.385,3483.738,0.02,0.02
01.04.2021 09:44:31.979 GMT+0100,3487.385,3484.738,0.02,0.0075
01.04.2021 09:44:36.682 GMT+0100,3487.3440000000005,3482.656,0.02,0.02
01.04.2021 09:44:47.920 GMT+0100,3486.1800000000003,3482.738,0.02,0.02
01.04.2021 09:44:50.032 GMT+0100,3485.508,3482.6150000000002,0.02,0.02
01.04.2021 09:44:58.548 GMT+0100,3486.508,3482.492,0.02,0.02
01.04.2021 09:44:58.598 GMT+0100,3486.303,3483.5740000000005,0.02,0.02
01.04.2021 09:44:58.781 GMT+0100,3486.5490000000004,3484.656,0.02,0.0075
01.04.2021 09:44:58.882 GMT+0100,3488,3484.492,0.02,0.02
01.04.2021 09:47:44.163 GMT+0100,3489.1800000000003,3484.656,0.02,0.02
01.04.2021 09:47:45.875 GMT+0100,3488.508,3484.82,0.0075,0.02
01.04.2021 09:48:11.222 GMT+0100,3488.508,3485.6150000000002,0.02,0.0075
01.04.2021 09:48:11.323 GMT+0100,3488.5490000000004,3486.697,0.02,0.02
01.04.2021 09:48:44.638 GMT+0100,3488.3440000000005,3487.451,0.0075,0.0075
01.04.2021 09:48:44.689 GMT+0100,3490.3440000000005,3487.451,0.02,0.02
01.04.2021 09:48:44.971 GMT+0100,3490,3486.492,0.02,0.02
01.04.2021 09:48:45.071 GMT+0100,3490.1800000000003,3487.7790000000005,0.02,0.02
01.04.2021 09:48:45.158 GMT+0100,3490.385,3486.656,0.02,0.02
01.04.2021 09:48:45.209 GMT+0100,3490.3440000000005,3487.6150000000002,0.02,0.02
01.04.2021 09:48:45.421 GMT+0100,3491.426,3487.82,0.02,0.02
01.04.2021 09:48:47.463 GMT+0100,3490.426,3487.6150000000002,0.0075,0.02
01.04.2021 09:48:48.284 GMT+0100,3491,3487.656,0.02,0.02
01.04.2021 09:48:56.040 GMT+0100,3490.3440000000005,3487.492,0.0075,0.02
01.04.2021 09:48:57.694 GMT+0100,3491.385,3487.451,0.02,0.02
01.04.2021 09:48:59.143 GMT+0100,3490.1800000000003,3487.492,0.0075,0.02
01.04.2021 09:50:10.586 GMT+0100,3489.467,3487.5740000000005,0.0075,0.0075
01.04.2021 09:50:10.636 GMT+0100,3489.303,3484.451,0.02,0.02
01.04.2021 09:50:10.737 GMT+0100,3489.508,3485.451,0.02,0.02
01.04.2021 09:50:10.787 GMT+0100,3489,3484.82,0.02,0.02
01.04.2021 09:50:10.840 GMT+0100,3489.1800000000003,3485.738,0.02,0.0075
01.04.2021 09:50:49.282 GMT+0100,3488.508,3485.5740000000005,0.0075,0.02
01.04.2021 09:50:49.332 GMT+0100,3489.5490000000004,3485.697,0.02,0.02
01.04.2021 09:51:10.636 GMT+0100,3488.385,3484.5740000000005,0.02,0.02
01.04.2021 09:51:10.687 GMT+0100,3488.3440000000005,3483.656,0.02,0.02
01.04.2021 09:51:11.570 GMT+0100,3488,3484.6150000000002,0.02,0.0075
01.04.2021 09:51:11.620 GMT+0100,3489.262,3484.738,0.02,0.02
01.04.2021 09:51:14.882 GMT+0100,3489.303,3486,0.02,0.02
01.04.2021 09:51:15.118 GMT+0100,3489.508,3484.5740000000005,0.02,0.02
01.04.2021 09:51:22.369 GMT+0100,3488.467,3484.738,0.0075,0.02
01.04.2021 09:52:00.303 GMT+0100,3488.262,3485.492,0.02,0.02
01.04.2021 09:52:00.353 GMT+0100,3488.385,3484.6150000000002,0.02,0.02
01.04.2021 09:52:00.900 GMT+0100,3488.5490000000004,3483.82,0.02,0.02
01.04.2021 09:52:02.062 GMT+0100,3487.262,3483.697,0.0075,0.02
01.04.2021 09:52:09.566 GMT+0100,3487.303,3484.451,0.02,0.02
01.04.2021 09:52:13.411 GMT+0100,3488.1800000000003,3484.697,0.02,0.02
01.04.2021 09:52:13.923 GMT+0100,3488.508,3486.697,0.02,0.0075
01.04.2021 09:52:30.390 GMT+0100,3488.508,3484.5740000000005,0.02,0.02
01.04.2021 09:52:35.469 GMT+0100,3488.303,3485.697,0.02,0.0075
01.04.2021 09:53:35.978 GMT+0100,3489.221,3486.5740000000005,0.02,0.02
01.04.2021 09:53:40.071 GMT+0100,3489.221,3488,0.02,0.02
01.04.2021 09:53:40.461 GMT+0100,3490.303,3487.492,0.02,0.02
01.04.2021 09:53:41.582 GMT+0100,3490.303,3485.451,0.02,0.02
01.04.2021 09:53:41.632 GMT+0100,3489,3485.533,0.02,0.02
01.04.2021 09:54:02.428 GMT+0100,3487.426,3483.82,0.02,0.02
01.04.2021 09:54:05.996 GMT+0100,3486.1800000000003,3483.7790000000005,0.0075,0.02
01.04.2021 09:54:06.097 GMT+0100,3485,3480.5740000000005,0.02,0.02
01.04.2021 09:54:06.147 GMT+0100,3485.508,3481.738,0.02,0.02
01.04.2021 09:54:06.197 GMT+0100,3485.262,3480.7790000000005,0.02,0.02
01.04.2021 09:54:07.240 GMT+0100,3485.385,3481.451,0.02,0.0075
01.04.2021 09:55:31.019 GMT+0100,3486.221,3481.451,0.01,0.01
01.04.2021 09:55:31.120 GMT+0100,3485.426,3481.6150000000002,0.02,0.02
01.04.2021 09:55:31.248 GMT+0100,3485.508,3482.451,0.0075,0.0075
01.04.2021 09:55:31.299 GMT+0100,3486.303,3482.451,0.02,0.02
01.04.2021 09:55:31.552 GMT+0100,3487.426,3482.697,0.02,0.02
01.04.2021 09:55:31.712 GMT+0100,3488.3440000000005,3483.656,0.02,0.02
01.04.2021 09:55:31.957 GMT+0100,3488.221,3485.5740000000005,0.0075,0.0075
01.04.2021 09:55:32.008 GMT+0100,3489.303,3485.656,0.02,0.02
01.04.2021 09:55:32.475 GMT+0100,3489.508,3486.738,0.02,0.0075
01.04.2021 09:55:32.525 GMT+0100,3490.262,3486.697,0.02,0.02
01.04.2021 09:55:32.633 GMT+0100,3489.3440000000005,3486.451,0.0075,0.02
01.04.2021 09:55:41.108 GMT+0100,3488.1800000000003,3486.451,0.0075,0.0075
01.04.2021 09:55:41.159 GMT+0100,3488.385,3483.697,0.02,0.02
01.04.2021 09:55:41.237 GMT+0100,3487.303,3484.7790000000005,0.0075,0.0075
01.04.2021 09:55:41.931 GMT+0100,3486.467,3484.451,0.0075,0.02
01.04.2021 09:55:43.124 GMT+0100,3486.508,3482.697,0.02,0.02
01.04.2021 09:55:43.184 GMT+0100,3486.1800000000003,3483.697,0.02,0.02
01.04.2021 09:55:53.162 GMT+0100,3486.5490000000004,3484.5740000000005,0.02,0.02
01.04.2021 09:56:07.878 GMT+0100,3486.426,3483.82,0.02,0.02
01.04.2021 09:56:12.494 GMT+0100,3486.508,3482.738,0.02,0.02
01.04.2021 09:56:12.893 GMT+0100,3483.5,3482.7790000000005,0.0075,0.0075
01.04.2021 09:56:12.943 GMT+0100,3486.508,3481.656,0.02,0.02
01.04.2021 09:56:14.570 GMT+0100,3486.262,3482.451,0.02,0.0075
01.04.2021 09:56:14.670 GMT+0100,3486.1800000000003,3481.451,0.02,0.02
01.04.2021 09:56:15.956 GMT+0100,3486.1800000000003,3483.533,0.02,0.0075
01.04.2021 09:56:16.056 GMT+0100,3486,3482.451,0.02,0.02
01.04.2021 09:56:16.125 GMT+0100,3486.5490000000004,3483.492,0.02,0.02
01.04.2021 09:56:16.370 GMT+0100,3489.262,3484.82,0.02,0.02
01.04.2021 09:56:16.471 GMT+0100,3489.303,3485.533,0.02,0.02
01.04.2021 09:56:17.080 GMT+0100,3489,3486.82,0.02,0.02
01.04.2021 09:56:17.290 GMT+0100,3489.508,3485.82,0.02,0.02
01.04.2021 09:56:18.044 GMT+0100,3489.3440000000005,3485,0.02,0.02
01.04.2021 09:56:19.092 GMT+0100,3489.1800000000003,3486.5740000000005,0.02,0.0075
01.04.2021 09:56:29.691 GMT+0100,3491.303,3487.738,0.02,0.02
01.04.2021 09:57:48.874 GMT+0100,3491.508,3488.533,0.0075,0.0075
01.04.2021 09:57:48.924 GMT+0100,3492.385,3488.533,0.02,0.02
01.04.2021 09:58:00.832 GMT+0100,3491.467,3489,0.0075,0.02
01.04.2021 09:58:15.484 GMT+0100,3491.5490000000004,3489.5740000000005,0.02,0.0075
01.04.2021 09:59:37.485 GMT+0100,3491.3440000000005,3488.738,0.02,0.02
01.04.2021 10:00:57.036 GMT+0100,3489.508,3486.82,0.02,0.02
01.04.2021 10:00:57.086 GMT+0100,3490.303,3486.451,0.02,0.02
01.04.2021 10:00:57.137 GMT+0100,3490,3487.697,0.02,0.02
01.04.2021 10:00:57.366 GMT+0100,3491.262,3488.7790000000005,0.02,0.02
01.04.2021 10:00:59.056 GMT+0100,3491.508,3489.5740000000005,0.0075,0.0075
01.04.2021 10:00:59.107 GMT+0100,3493.385,3489.82,0.02,0.02
01.04.2021 10:00:59.245 GMT+0100,3493.508,3490.738,0.02,0.0075
01.04.2021 10:01:36.814 GMT+0100,3493.1800000000003,3492,0.0075,0.0075
01.04.2021 10:01:36.864 GMT+0100,3495.385,3491.492,0.02,0.02
01.04.2021 10:01:36.915 GMT+0100,3494.467,3490.492,0.02,0.02
01.04.2021 10:01:39.060 GMT+0100,3493.385,3491.451,0.0075,0.0075
01.04.2021 10:02:28.603 GMT+0100,3493.303,3491,0.02,0.02
01.04.2021 10:02:28.767 GMT+0100,3493,3491.6150000000002,0.0075,0.0075
01.04.2021 10:02:28.817 GMT+0100,3494.262,3491.7790000000005,0.02,0.02
01.04.2021 10:02:28.957 GMT+0100,3494.262,3492.656,0.02,0.0075
01.04.2021 10:02:29.278 GMT+0100,3495,3492.697,0.02,0.02
01.04.2021 10:02:29.378 GMT+0100,3496.508,3492.5740000000005,0.02,0.02
01.04.2021 10:03:00.746 GMT+0100,3495.5490000000004,3492.82,0.0075,0.02
01.04.2021 10:06:07.078 GMT+0100,3495,3491.738,0.02,0.02
01.04.2021 10:06:07.179 GMT+0100,3495.426,3492.5740000000005,0.02,0.02
01.04.2021 10:06:07.424 GMT+0100,3495.467,3491.451,0.02,0.02
01.04.2021 10:06:07.668 GMT+0100,3495.467,3492.656,0.02,0.0075
01.04.2021 10:06:08.798 GMT+0100,3495.1800000000003,3491.5740000000005,0.02,0.02
01.04.2021 10:06:14.476 GMT+0100,3495.221,3492.533,0.02,0.0075
01.04.2021 10:06:48.136 GMT+0100,3495.262,3490.82,0.02,0.02
01.04.2021 10:06:48.187 GMT+0100,3495.508,3491.492,0.02,0.02
01.04.2021 10:06:48.359 GMT+0100,3495.467,3492.5740000000005,0.02,0.0075
01.04.2021 10:06:57.371 GMT+0100,3494.426,3492.656,0.0075,0.02
01.04.2021 10:07:50.716 GMT+0100,3494.262,3490.6150000000002,0.02,0.02
01.04.2021 10:07:50.867 GMT+0100,3494.1800000000003,3492.6150000000002,0.02,0.02
01.04.2021 10:07:53.716 GMT+0100,3495.426,3492.533,0.02,0.02
01.04.2021 10:07:53.850 GMT+0100,3495.221,3493.82,0.02,0.0075
01.04.2021 10:07:54.914 GMT+0100,3498.508,3493.451,0.02,0.02
01.04.2021 10:07:54.965 GMT+0100,3497.221,3495,0.02,0.02
01.04.2021 10:07:55.180 GMT+0100,3497.5490000000004,3494,0.02,0.02
01.04.2021 10:08:07.770 GMT+0100,3496.262,3494,0.02,0.02
01.04.2021 10:08:08.282 GMT+0100,3495.426,3493.656,0.0075,0.0075
01.04.2021 10:08:08.332 GMT+0100,3495.508,3492.738,0.02,0.02
01.04.2021 10:08:08.486 GMT+0100,3496.221,3493,0.02,0.02
01.04.2021 10:08:09.601 GMT+0100,3495.262,3493,0.0075,0.02
01.04.2021 10:08:33.121 GMT+0100,3494.5490000000004,3491.6150000000002,0.02,0.02
01.04.2021 10:08:33.278 GMT+0100,3495.221,3491.5740000000005,0.02,0.02
01.04.2021 10:08:37.727 GMT+0100,3494,3491.492,0.0075,0.02
01.04.2021 10:09:07.342 GMT+0100,3494.3440000000005,3492.5740000000005,0.02,0.02
01.04.2021 10:09:07.551 GMT+0100,3494,3491.7790000000005,0.02,0.02
01.04.2021 10:09:07.713 GMT+0100,3494.385,3492.697,0.02,0.0075
01.04.2021 10:09:22.540 GMT+0100,3494.3440000000005,3491.492,0.02,0.02
01.04.2021 10:12:31.076 GMT+0100,3494.262,3492.533,0.02,0.02
01.04.2021 10:14:06.039 GMT+0100,3495.221,3492.6150000000002,0.02,0.02
01.04.2021 10:14:06.090 GMT+0100,3494.508,3492.5740000000005,0.02,0.02
01.04.2021 10:14:26.497 GMT+0100,3494.3440000000005,3491.492,0.02,0.02
01.04.2021 10:14:48.232 GMT+0100,3494.262,3493,0.0075,0.0075
01.04.2021 10:14:48.282 GMT+0100,3495.221,3492.738,0.02,0.02
01.04.2021 10:14:48.333 GMT+0100,3496.3440000000005,3494,0.02,0.02
01.04.2021 10:14:48.440 GMT+0100,3496,3494.492,0.02,0.0075
01.04.2021 10:15:59.382 GMT+0100,3497.508,3495,0.02,0.02
01.04.2021 10:16:01.435 GMT+0100,3497.3440000000005,3495.451,0.02,0.0075
01.04.2021 10:16:01.536 GMT+0100,3497.3440000000005,3494.738,0.02,0.02
01.04.2021 10:16:01.586 GMT+0100,3497.5490000000004,3495.738,0.02,0.02
01.04.2021 10:16:02.079 GMT+0100,3499.385,3495.697,0.02,0.02
01.04.2021 10:16:07.804 GMT+0100,3500.467,3495.533,0.02,0.02
01.04.2021 10:16:07.946 GMT+0100,3500.303,3496.738,0.02,0.02
01.04.2021 10:16:08.069 GMT+0100,3499.426,3496.451,0.0075,0.02
01.04.2021 10:16:51.129 GMT+0100,3498.426,3495.82,0.02,0.02
01.04.2021 10:16:51.240 GMT+0100,3498.508,3496.533,0.02,0.0075
01.04.2021 10:16:51.290 GMT+0100,3498.385,3495.533,0.02,0.02
01.04.2021 10:17:06.694 GMT+0100,3497.1800000000003,3496,0.0075,0.0075
01.04.2021 10:17:06.745 GMT+0100,3497.385,3493.656,0.02,0.02
01.04.2021 10:17:26.706 GMT+0100,3496.3440000000005,3493.492,0.0075,0.02
01.04.2021 10:17:27.978 GMT+0100,3497.467,3493.7790000000005,0.02,0.02
01.04.2021 10:19:11.665 GMT+0100,3497.508,3494.697,0.02,0.02
01.04.2021 10:19:12.840 GMT+0100,3496.426,3494.6150000000002,0.0075,0.02
01.04.2021 10:20:29.799 GMT+0100,3496.3440000000005,3494,0.02,0.02
01.04.2021 10:22:08.060 GMT+0100,3495.426,3492.533,0.02,0.02
01.04.2021 10:22:08.214 GMT+0100,3496.426,3492.492,0.02,0.02
01.04.2021 10:22:11.501 GMT+0100,3496.467,3493.451,0.02,0.0075
01.04.2021 10:23:38.449 GMT+0100,3498.508,3494.492,0.02,0.02
01.04.2021 10:23:38.500 GMT+0100,3498.426,3495.697,0.02,0.02
01.04.2021 10:23:39.556 GMT+0100,3499.3440000000005,3496.82,0.02,0.02
01.04.2021 10:23:39.656 GMT+0100,3499,3495.656,0.02,0.02
01.04.2021 10:23:40.039 GMT+0100,3499.262,3496.697,0.02,0.0075
01.04.2021 10:23:41.200 GMT+0100,3499.426,3497.738,0.02,0.0075
01.04.2021 10:23:45.343 GMT+0100,3499.5490000000004,3496.451,0.02,0.02
01.04.2021 10:24:44.682 GMT+0100,3499.221,3495.6150000000002,0.02,0.02
01.04.2021 10:24:44.782 GMT+0100,3499.508,3494.5740000000005,0.02,0.02
01.04.2021 10:24:44.832 GMT+0100,3499,3495.5740000000005,0.02,0.02
01.04.2021 10:24:45.008 GMT+0100,3499.3440000000005,3497,0.02,0.0075
01.04.2021 10:25:32.114 GMT+0100,3497.221,3496.533,0.0075,0.0075
01.04.2021 10:25:32.164 GMT+0100,3496.3440000000005,3492.451,0.02,0.02
01.04.2021 10:25:32.293 GMT+0100,3497.303,3494,0.02,0.02
01.04.2021 10:25:32.485 GMT+0100,3496.426,3492.697,0.02,0.02
01.04.2021 10:25:34.530 GMT+0100,3497.385,3492.533,0.02,0.02
01.04.2021 10:25:43.134 GMT+0100,3495.221,3492.533,0.0075,0.02
01.04.2021 10:25:43.294 GMT+0100,3496.3440000000005,3492.7790000000005,0.02,0.02
01.04.2021 10:25:51.750 GMT+0100,3496.426,3493.656,0.0075,0.0075
01.04.2021 10:25:51.800 GMT+0100,3497.508,3492.7790000000005,0.02,0.02
01.04.2021 10:25:51.850 GMT+0100,3497.1800000000003,3493.656,0.02,0.02
01.04.2021 10:25:53.396 GMT+0100,3496.508,3493.7790000000005,0.0075,0.02
01.04.2021 10:26:03.623 GMT+0100,3495.3440000000005,3493.7790000000005,0.0075,0.02
01.04.2021 10:27:14.267 GMT+0100,3495.3440000000005,3491.656,0.02,0.02
01.04.2021 10:27:17.174 GMT+0100,3494.5490000000004,3491.5740000000005,0.0075,0.02
01.04.2021 10:27:30.371 GMT+0100,3494.5490000000004,3490.7790000000005,0.02,0.02
01.04.2021 10:27:31.427 GMT+0100,3494.221,3491.533,0.02,0.0075
01.04.2021 10:27:42.952 GMT+0100,3494.262,3490.7790000000005,0.02,0.02
01.04.2021 10:27:43.002 GMT+0100,3494.5490000000004,3491.7790000000005,0.02,0.02
01.04.2021 10:28:15.314 GMT+0100,3493.467,3490.5740000000005,0.02,0.02
01.04.2021 10:28:16.847 GMT+0100,3493.385,3490,0.02,0.02
01.04.2021 10:28:18.374 GMT+0100,3493.385,3488.5740000000005,0.02,0.02
01.04.2021 10:28:19.026 GMT+0100,3493.5490000000004,3489.533,0.02,0.0075
01.04.2021 10:28:30.361 GMT+0100,3491.1800000000003,3487.533,0.02,0.02
01.04.2021 10:28:30.867 GMT+0100,3490.467,3487.738,0.0075,0.02
01.04.2021 10:28:40.450 GMT+0100,3490.303,3486.6150000000002,0.02,0.02
01.04.2021 10:28:49.399 GMT+0100,3489.221,3487,0.0075,0.0075
01.04.2021 10:28:49.449 GMT+0100,3489.1800000000003,3485.738,0.02,0.02
01.04.2021 10:28:50.708 GMT+0100,3488.426,3485.656,0.0075,0.02
01.04.2021 10:28:58.632 GMT+0100,3489,3485.738,0.02,0.02
01.04.2021 10:28:58.683 GMT+0100,3490.508,3486.451,0.02,0.02
01.04.2021 10:28:58.852 GMT+0100,3490.221,3488.5740000000005,0.02,0.02
01.04.2021 10:28:59.174 GMT+0100,3490.262,3487.697,0.02,0.02
01.04.2021 10:29:00.724 GMT+0100,3490.221,3485.7790000000005,0.02,0.02
01.04.2021 10:29:00.964 GMT+0100,3489,3485.7790000000005,0.02,0.02
01.04.2021 10:29:03.472 GMT+0100,3489.5490000000004,3486.82,0.02,0.0075
01.04.2021 10:29:29.550 GMT+0100,3488.1800000000003,3486.533,0.0075,0.0075
01.04.2021 10:29:29.600 GMT+0100,3488.3440000000005,3484.656,0.02,0.02
01.04.2021 10:29:29.761 GMT+0100,3488.303,3483.6150000000002,0.02,0.02
01.04.2021 10:29:29.861 GMT+0100,3489.1800000000003,3484.656,0.02,0.02
01.04.2021 10:29:29.962 GMT+0100,3489.221,3485.697,0.02,0.02
01.04.2021 10:29:32.978 GMT+0100,3488.221,3485.7790000000005,0.02,0.02
01.04.2021 10:29:59.988 GMT+0100,3487.262,3485.6150000000002,0.02,0.02
01.04.2021 10:30:00.777 GMT+0100,3489.3440000000005,3485.82,0.02,0.02
01.04.2021 10:30:01.908 GMT+0100,3488,3485.82,0.0075,0.02
01.04.2021 10:30:04.036 GMT+0100,3492.262,3488,0.02,0.02
01.04.2021 10:30:04.087 GMT+0100,3493.467,3487.451,0.02,0.02
01.04.2021 10:30:04.171 GMT+0100,3493.303,3489,0.02,0.0075
01.04.2021 10:30:04.385 GMT+0100,3492,3488.533,0.0075,0.02
01.04.2021 10:31:26.801 GMT+0100,3492.1800000000003,3490,0.02,0.0075
01.04.2021 10:31:36.508 GMT+0100,3490,3489.656,0.0075,0.0075
01.04.2021 10:31:36.559 GMT+0100,3492.467,3487.738,0.02,0.02
01.04.2021 10:31:36.642 GMT+0100,3491.508,3487.492,0.0075,0.02
01.04.2021 10:31:38.610 GMT+0100,3492.426,3488.738,0.02,0.02
01.04.2021 10:31:38.999 GMT+0100,3491.426,3488.6150000000002,0.0075,0.02
01.04.2021 10:32:59.499 GMT+0100,3493.5490000000004,3489.7790000000005,0.02,0.02
01.04.2021 10:33:10.531 GMT+0100,3494.221,3490.7790000000005,0.02,0.02
01.04.2021 10:33:10.801 GMT+0100,3494.5490000000004,3491.738,0.02,0.02
01.04.2021 10:33:45.443 GMT+0100,3494.221,3492.697,0.0075,0.0075
01.04.2021 10:33:45.494 GMT+0100,3496.3440000000005,3492.492,0.02,0.02
01.04.2021 10:33:45.544 GMT+0100,3495.508,3491.7790000000005,0.02,0.02
01.04.2021 10:33:46.718 GMT+0100,3495.262,3492.492,0.0075,0.0075
01.04.2021 10:33:46.769 GMT+0100,3496,3492.533,0.02,0.02
01.04.2021 10:33:46.893 GMT+0100,3496.262,3491.7790000000005,0.02,0.02
01.04.2021 10:33:46.944 GMT+0100,3496.467,3492.82,0.02,0.02
01.04.2021 10:33:47.117 GMT+0100,3495.262,3492.697,0.0075,0.02
01.04.2021 10:33:47.550 GMT+0100,3494.221,3491.82,0.02,0.02
01.04.2021 10:33:47.673 GMT+0100,3495.303,3491.82,0.02,0.02
01.04.2021 10:33:47.920 GMT+0100,3494.5490000000004,3491.7790000000005,0.02,0.02
01.04.2021 10:33:48.073 GMT+0100,3495.467,3491.82,0.02,0.02
01.04.2021 10:33:50.085 GMT+0100,3496.385,3491.738,0.02,0.02
01.04.2021 10:33:50.136 GMT+0100,3496.3440000000005,3492.82,0.02,0.02
01.04.2021 10:33:50.186 GMT+0100,3496.1800000000003,3491.5740000000005,0.02,0.02
01.04.2021 10:33:50.537 GMT+0100,3496.508,3492.738,0.02,0.02
01.04.2021 10:33:59.041 GMT+0100,3496.508,3491.492,0.02,0.02
01.04.2021 10:34:24.800 GMT+0100,3496.5490000000004,3492.533,0.02,0.0075
01.04.2021 10:34:24.901 GMT+0100,3496,3492,0.02,0.02
01.04.2021 10:34:30.656 GMT+0100,3496,3492.738,0.02,0.0075
01.04.2021 10:34:30.757 GMT+0100,3496,3491.6150000000002,0.02,0.02
01.04.2021 10:34:41.314 GMT+0100,3495.3440000000005,3492,0.0075,0.02
01.04.2021 10:34:42.456 GMT+0100,3494.303,3491.451,0.0075,0.02
01.04.2021 10:35:27.258 GMT+0100,3494.385,3492.533,0.0075,0.0075
01.04.2021 10:35:27.308 GMT+0100,3496.3440000000005,3491.451,0.02,0.02
01.04.2021 10:35:27.683 GMT+0100,3496.3440000000005,3493.7790000000005,0.02,0.02
01.04.2021 10:35:27.734 GMT+0100,3496,3492.451,0.02,0.02
01.04.2021 10:35:27.864 GMT+0100,3495.262,3492.82,0.0075,0.0075
01.04.2021 10:35:27.914 GMT+0100,3496.508,3491.492,0.02,0.02
01.04.2021 10:35:27.965 GMT+0100,3494.262,3491.5740000000005,0.02,0.02
01.04.2021 10:35:30.715 GMT+0100,3493.5490000000004,3491.697,0.0075,0.0075
01.04.2021 10:35:30.765 GMT+0100,3493.262,3490.697,0.02,0.02
01.04.2021 10:35:30.894 GMT+0100,3493.5490000000004,3488.656,0.02,0.02
01.04.2021 10:35:31.079 GMT+0100,3491.426,3488.697,0.02,0.02
01.04.2021 10:35:35.326 GMT+0100,3491,3487.6150000000002,0.02,0.02
01.04.2021 10:35:35.487 GMT+0100,3491.385,3488.656,0.02,0.0075
01.04.2021 10:35:37.256 GMT+0100,3490.5490000000004,3488.738,0.0075,0.0075
01.04.2021 10:35:37.306 GMT+0100,3491.303,3488,0.02,0.02
01.04.2021 10:35:43.244 GMT+0100,3493.3440000000005,3488.7790000000005,0.02,0.02
01.04.2021 10:35:44.135 GMT+0100,3493.262,3489.533,0.02,0.0075
01.04.2021 10:35:45.039 GMT+0100,3491.3440000000005,3489.5740000000005,0.0075,0.02
01.04.2021 10:35:47.220 GMT+0100,3493.3440000000005,3489.697,0.02,0.02
01.04.2021 10:35:49.283 GMT+0100,3491,3489.451,0.0075,0.02
01.04.2021 10:35:56.432 GMT+0100,3490.508,3489.6150000000002,0.0075,0.0075
01.04.2021 10:35:56.482 GMT+0100,3490.1800000000003,3488.697,0.02,0.02
01.04.2021 10:35:57.954 GMT+0100,3491.5490000000004,3489,0.02,0.02
01.04.2021 10:36:10.135 GMT+0100,3491.1800000000003,3489.6150000000002,0.02,0.02
01.04.2021 10:36:34.136 GMT+0100,3491.467,3488.533,0.02,0.02
01.04.2021 10:36:56.336 GMT+0100,3492.467,3488.697,0.02,0.02
01.04.2021 10:36:56.687 GMT+0100,3492.262,3489.5740000000005,0.02,0.02
01.04.2021 10:36:56.954 GMT+0100,3492.1800000000003,3488.533,0.02,0.02
01.04.2021 10:38:28.300 GMT+0100,3489.385,3488.5740000000005,0.0075,0.0075
01.04.2021 10:38:28.351 GMT+0100,3489.426,3485.82,0.02,0.02
01.04.2021 10:38:28.463 GMT+0100,3489.467,3486.533,0.02,0.0075
01.04.2021 10:38:29.433 GMT+0100,3491.508,3486.451,0.02,0.02
01.04.2021 10:39:02.838 GMT+0100,3491.3440000000005,3487.697,0.02,0.0075
01.04.2021 10:39:02.989 GMT+0100,3492.1800000000003,3488.82,0.02,0.02
01.04.2021 10:39:20.094 GMT+0100,3492.426,3489.492,0.02,0.0075
01.04.2021 10:40:37.675 GMT+0100,3491.262,3489.6150000000002,0.0075,0.0075
01.04.2021 10:40:37.726 GMT+0100,3491.426,3488.738,0.02,0.02
01.04.2021 10:40:37.863 GMT+0100,3492,3488.697,0.02,0.02
01.04.2021 10:40:37.971 GMT+0100,3491.5490000000004,3488.7790000000005,0.0075,0.02
01.04.2021 10:40:40.644 GMT+0100,3490.426,3488.82,0.02,0.02
01.04.2021 10:40:52.228 GMT+0100,3491.1800000000003,3488.451,0.02,0.02
01.04.2021 10:40:52.691 GMT+0100,3491.467,3490,0.02,0.02
01.04.2021 10:40:53.662 GMT+0100,3492.3440000000005,3489.6150000000002,0.02,0.02
01.04.2021 10:40:56.328 GMT+0100,3491.1800000000003,3489.7790000000005,0.0075,0.0075
01.04.2021 10:40:56.379 GMT+0100,3491.303,3487.5740000000005,0.02,0.02
01.04.2021 10:40:56.481 GMT+0100,3492.1800000000003,3488.533,0.02,0.02
01.04.2021 10:40:56.623 GMT+0100,3491.467,3487.656,0.02,0.02
01.04.2021 10:40:56.673 GMT+0100,3491.1800000000003,3486.533,0.02,0.02
01.04.2021 10:40:57.372 GMT+0100,3492.5490000000004,3487.5740000000005,0.02,0.02
01.04.2021 10:40:58.543 GMT+0100,3491.508,3487.7790000000005,0.02,0.02
01.04.2021 10:41:05.368 GMT+0100,3489.3440000000005,3486.656,0.02,0.02
01.04.2021 10:41:05.631 GMT+0100,3489.467,3485.7790000000005,0.02,0.02
01.04.2021 10:41:06.915 GMT+0100,3490,3485.697,0.02,0.02
01.04.2021 10:41:06.966 GMT+0100,3489.262,3485.7790000000005,0.02,0.02
01.04.2021 10:41:07.111 GMT+0100,3489.426,3486.738,0.02,0.0075
01.04.2021 10:41:08.232 GMT+0100,3489.508,3485.5740000000005,0.02,0.02
01.04.2021 10:41:12.314 GMT+0100,3489.3440000000005,3484.738,0.02,0.02
01.04.2021 10:41:14.032 GMT+0100,3489.221,3485.451,0.02,0.0075
01.04.2021 10:41:14.384 GMT+0100,3488.262,3485.451,0.0075,0.0075
01.04.2021 10:41:14.435 GMT+0100,3488.3440000000005,3483.6150000000002,0.02,0.02
01.04.2021 10:41:14.485 GMT+0100,3489.221,3485.492,0.02,0.02
01.04.2021 10:41:14.586 GMT+0100,3489.467,3486.6150000000002,0.02,0.02
01.04.2021 10:41:15.559 GMT+0100,3489,3485.533,0.02,0.02
01.04.2021 10:41:16.672 GMT+0100,3489.385,3486.6150000000002,0.02,0.0075
01.04.2021 10:41:16.903 GMT+0100,3489.221,3485.533,0.02,0.02
01.04.2021 10:41:18.706 GMT+0100,3489.221,3486.7790000000005,0.02,0.0075
01.04.2021 10:41:20.232 GMT+0100,3489.221,3486,0.02,0.02
01.04.2021 10:41:20.283 GMT+0100,3489.221,3485,0.02,0.02
01.04.2021 10:41:21.207 GMT+0100,3489.5490000000004,3486,0.02,0.0075
01.04.2021 10:41:25.742 GMT+0100,3489.303,3484.6150000000002,0.02,0.02
01.04.2021 10:41:27.255 GMT+0100,3489,3485.5740000000005,0.02,0.0075
01.04.2021 10:41:46.137 GMT+0100,3488,3484.6150000000002,0.02,0.02
01.04.2021 10:41:47.560 GMT+0100,3488.508,3485.451,0.02,0.02
01.04.2021 10:41:53.914 GMT+0100,3488,3484.7790000000005,0.02,0.02
01.04.2021 10:41:56.127 GMT+0100,3487.303,3481.738,0.02,0.02
01.04.2021 10:41:56.439 GMT+0100,3487.385,3482.6150000000002,0.02,0.02
01.04.2021 10:41:59.487 GMT+0100,3487.5490000000004,3483.492,0.02,0.02
01.04.2021 10:41:59.925 GMT+0100,3486.508,3483.451,0.0075,0.02
01.04.2021 10:42:04.482 GMT+0100,3486.303,3482.6150000000002,0.02,0.02
01.04.2021 10:42:44.955 GMT+0100,3489.1800000000003,3485,0.02,0.02
01.04.2021 10:42:49.098 GMT+0100,3490.467,3484.451,0.02,0.02
01.04.2021 10:42:49.148 GMT+0100,3490.467,3487,0.02,0.02
01.04.2021 10:42:50.260 GMT+0100,3490.1800000000003,3487.5740000000005,0.02,0.0075
01.04.2021 10:42:50.311 GMT+0100,3491.3440000000005,3487.451,0.02,0.02
01.04.2021 10:42:58.501 GMT+0100,3492.385,3487.738,0.02,0.02
01.04.2021 10:43:21.509 GMT+0100,3492.426,3486.7790000000005,0.02,0.02
01.04.2021 10:43:21.559 GMT+0100,3490.426,3485.697,0.02,0.02
01.04.2021 10:43:21.959 GMT+0100,3489.3440000000005,3485.5740000000005,0.0075,0.02
01.04.2021 10:43:23.128 GMT+0100,3489.3440000000005,3486.6150000000002,0.02,0.0075
01.04.2021 10:43:31.242 GMT+0100,3493,3489.533,0.02,0.02
01.04.2021 10:43:31.293 GMT+0100,3495.221,3490.6150000000002,0.02,0.02
01.04.2021 10:43:31.387 GMT+0100,3496,3491.492,0.02,0.02
01.04.2021 10:43:31.653 GMT+0100,3495.303,3492,0.02,0.02
01.04.2021 10:43:32.574 GMT+0100,3497.426,3492.492,0.02,0.02
01.04.2021 10:43:32.689 GMT+0100,3496.426,3491.82,0.02,0.02
01.04.2021 10:43:32.800 GMT+0100,3495.303,3491.6150000000002,0.02,0.02
01.04.2021 10:43:32.982 GMT+0100,3496.426,3492.82,0.02,0.02
01.04.2021 10:43:42.495 GMT+0100,3496,3490.7790000000005,0.02,0.02
01.04.2021 10:43:42.545 GMT+0100,3495,3490.738,0.02,0.02
01.04.2021 10:43:57.144 GMT+0100,3496.221,3490.738,0.02,0.02
01.04.2021 10:43:57.194 GMT+0100,3496.1800000000003,3491.738,0.02,0.02
01.04.2021 10:43:59.180 GMT+0100,3495.221,3491.697,0.02,0.02
01.04.2021 10:44:34.034 GMT+0100,3494.5490000000004,3491.738,0.0075,0.0075
01.04.2021 10:44:34.085 GMT+0100,3494.3440000000005,3490,0.02,0.02
01.04.2021 10:44:37.290 GMT+0100,3494.303,3490.533,0.02,0.0075
01.04.2021 10:44:42.885 GMT+0100,3494.303,3489.7790000000005,0.02,0.02
01.04.2021 10:44:44.976 GMT+0100,3494.5490000000004,3490.82,0.02,0.0075
01.04.2021 10:45:18.281 GMT+0100,3495.1800000000003,3492.533,0.02,0.02
01.04.2021 10:45:18.798 GMT+0100,3495.467,3491.82,0.02,0.02
01.04.2021 10:45:19.702 GMT+0100,3495.3440000000005,3493,0.02,0.02
01.04.2021 10:45:44.631 GMT+0100,3499.426,3495.656,0.02,0.02
01.04.2021 10:45:45.431 GMT+0100,3498.467,3494.738,0.02,0.02
01.04.2021 10:45:45.597 GMT+0100,3499.467,3494.6150000000002,0.02,0.02
01.04.2021 10:45:46.282 GMT+0100,3499.426,3495.7790000000005,0.02,0.0075
01.04.2021 10:45:47.643 GMT+0100,3498.3440000000005,3495.7790000000005,0.0075,0.02
01.04.2021 10:45:50.566 GMT+0100,3498.221,3494.7790000000005,0.02,0.02
01.04.2021 10:46:13.814 GMT+0100,3499.508,3494.656,0.02,0.02
01.04.2021 10:46:15.346 GMT+0100,3499.1800000000003,3496,0.02,0.0075
01.04.2021 10:46:19.798 GMT+0100,3500.5490000000004,3496.6150000000002,0.02,0.02
01.04.2021 10:46:19.939 GMT+0100,3499.3440000000005,3496.5740000000005,0.02,0.02
01.04.2021 10:46:30.558 GMT+0100,3498.262,3496,0.02,0.02
01.04.2021 10:46:42.098 GMT+0100,3500.508,3495.6150000000002,0.02,0.02
01.04.2021 10:46:42.148 GMT+0100,3499.262,3495.6150000000002,0.02,0.02
01.04.2021 10:47:01.483 GMT+0100,3500.1800000000003,3495.697,0.02,0.02
01.04.2021 10:47:08.234 GMT+0100,3499.426,3495.82,0.0075,0.02
01.04.2021 10:47:09.451 GMT+0100,3500.467,3495.738,0.02,0.02
01.04.2021 10:47:29.770 GMT+0100,3499.385,3495.492,0.0075,0.02
01.04.2021 10:47:34.092 GMT+0100,3498.3440000000005,3495.82,0.0075,0.0075
01.04.2021 10:47:34.970 GMT+0100,3497,3494.7790000000005,0.0075,0.02
01.04.2021 10:47:35.020 GMT+0100,3498.5490000000004,3494.6150000000002,0.02,0.02
01.04.2021 10:47:36.092 GMT+0100,3497,3494.697,0.0075,0.02
01.04.2021 10:48:18.645 GMT+0100,3497.467,3495.7790000000005,0.02,0.02
01.04.2021 10:48:42.723 GMT+0100,3497,3494.533,0.02,0.02
01.04.2021 10:49:00.239 GMT+0100,3498.262,3494.82,0.02,0.02
01.04.2021 10:49:01.307 GMT+0100,3499.508,3494.7790000000005,0.02,0.02
01.04.2021 10:49:05.373 GMT+0100,3498.303,3494.656,0.0075,0.02
01.04.2021 10:49:21.676 GMT+0100,3497.262,3494.6150000000002,0.0075,0.02
01.04.2021 10:49:45.521 GMT+0100,3496.467,3492.6150000000002,0.02,0.02
01.04.2021 10:49:45.643 GMT+0100,3497.5490000000004,3493,0.02,0.02
01.04.2021 10:49:47.063 GMT+0100,3497.303,3493.82,0.02,0.02
01.04.2021 10:49:47.114 GMT+0100,3497.303,3492.738,0.02,0.02
01.04.2021 10:49:47.443 GMT+0100,3497.303,3493.451,0.02,0.0075
01.04.2021 10:49:51.909 GMT+0100,3496.262,3493.5740000000005,0.02,0.02
01.04.2021 10:50:56.660 GMT+0100,3495.1800000000003,3493.738,0.02,0.02
01.04.2021 10:51:00.049 GMT+0100,3495.303,3492.492,0.02,0.02
01.04.2021 10:51:03.035 GMT+0100,3494.508,3492.697,0.0075,0.02
01.04.2021 10:51:04.140 GMT+0100,3495.426,3492.492,0.02,0.02
01.04.2021 10:51:13.682 GMT+0100,3495.385,3490.6150000000002,0.02,0.02
01.04.2021 10:51:16.331 GMT+0100,3495.385,3491.533,0.02,0.0075
01.04.2021 10:51:16.381 GMT+0100,3495.221,3490.738,0.02,0.02
01.04.2021 10:51:16.501 GMT+0100,3495.385,3491.451,0.02,0.0075
01.04.2021 10:51:20.995 GMT+0100,3494.508,3491.738,0.02,0.02
01.04.2021 10:51:38.806 GMT+0100,3494.426,3493.6150000000002,0.0075,0.0075
01.04.2021 10:51:38.857 GMT+0100,3494.426,3491.7790000000005,0.02,0.02
01.04.2021 10:52:02.859 GMT+0100,3496.385,3491.656,0.02,0.02
01.04.2021 10:52:02.928 GMT+0100,3496.385,3493.7790000000005,0.02,0.0075
01.04.2021 10:52:03.029 GMT+0100,3496,3492.7790000000005,0.02,0.02
01.04.2021 10:52:03.284 GMT+0100,3496.467,3493.492,0.02,0.0075
01.04.2021 10:52:11.554 GMT+0100,3498,3493.533,0.02,0.02
01.04.2021 10:53:03.517 GMT+0100,3498,3494.533,0.02,0.02
01.04.2021 10:54:48.170 GMT+0100,3499.5490000000004,3494.451,0.02,0.02
01.04.2021 10:54:48.244 GMT+0100,3498.385,3494.492,0.0075,0.02
01.04.2021 10:54:48.403 GMT+0100,3499.508,3494.451,0.02,0.02
01.04.2021 10:54:50.074 GMT+0100,3499,3495.82,0.02,0.02
01.04.2021 10:54:52.829 GMT+0100,3499.385,3496.492,0.02,0.02
01.04.2021 10:54:52.934 GMT+0100,3500.3440000000005,3496.492,0.02,0.02
01.04.2021 10:54:53.303 GMT+0100,3500.303,3495.7790000000005,0.02,0.02
01.04.2021 10:54:53.353 GMT+0100,3500.303,3497,0.02,0.02
01.04.2021 10:54:53.507 GMT+0100,3500.385,3497.6150000000002,0.02,0.02
01.04.2021 10:55:30.545 GMT+0100,3499.303,3497.697,0.0075,0.0075
01.04.2021 10:55:30.596 GMT+0100,3499.385,3495.451,0.02,0.02
01.04.2021 10:55:32.819 GMT+0100,3499,3496.533,0.02,0.0075
01.04.2021 10:56:02.868 GMT+0100,3502,3498,0.02,0.02
01.04.2021 10:56:02.918 GMT+0100,3501.3440000000005,3497.82,0.02,0.02
01.04.2021 10:56:03.482 GMT+0100,3501,3496.656,0.02,0.02
01.04.2021 10:56:14.444 GMT+0100,3501.262,3499.492,0.0075,0.0075
01.04.2021 10:56:14.494 GMT+0100,3502,3499.738,0.02,0.02
01.04.2021 10:56:15.082 GMT+0100,3502.426,3497.533,0.02,0.02
01.04.2021 10:56:16.860 GMT+0100,3502.385,3500,0.02,0.0075
01.04.2021 10:56:18.294 GMT+0100,3503,3500,0.02,0.02
01.04.2021 10:56:19.306 GMT+0100,3502.467,3499.82,0.02,0.02
01.04.2021 10:56:24.449 GMT+0100,3502.5490000000004,3498.7790000000005,0.02,0.02
01.04.2021 10:56:43.851 GMT+0100,3499.508,3498.738,0.0075,0.0075
01.04.2021 10:56:43.901 GMT+0100,3500.303,3496.451,0.02,0.02
01.04.2021 10:56:44.244 GMT+0100,3499.1800000000003,3496.6150000000002,0.02,0.02
01.04.2021 10:56:47.999 GMT+0100,3500.221,3496.656,0.02,0.02
01.04.2021 10:56:48.056 GMT+0100,3502.3440000000005,3498,0.02,0.02
01.04.2021 10:56:48.776 GMT+0100,3502.5490000000004,3498.5740000000005,0.02,0.0075
01.04.2021 10:56:48.876 GMT+0100,3502.1800000000003,3497.5740000000005,0.02,0.02
01.04.2021 10:56:48.926 GMT+0100,3501.467,3498,0.02,0.02
01.04.2021 10:56:57.123 GMT+0100,3501.467,3496.5740000000005,0.02,0.02
01.04.2021 10:57:24.169 GMT+0100,3500.508,3496.533,0.02,0.02
01.04.2021 10:58:03.704 GMT+0100,3500,3497.6150000000002,0.02,0.0075
01.04.2021 10:58:03.854 GMT+0100,3500.467,3497,0.02,0.02
01.04.2021 10:58:31.082 GMT+0100,3497.3440000000005,3494.533,0.02,0.02
01.04.2021 10:58:31.132 GMT+0100,3498.303,3493.7790000000005,0.02,0.02
01.04.2021 10:58:31.666 GMT+0100,3496.467,3493.6150000000002,0.02,0.02
01.04.2021 10:58:32.232 GMT+0100,3496.5490000000004,3492.492,0.02,0.02
01.04.2021 10:58:33.199 GMT+0100,3496.3440000000005,3493.697,0.0075,0.0075
01.04.2021 10:58:33.250 GMT+0100,3497.385,3493.492,0.02,0.02
01.04.2021 10:58:33.300 GMT+0100,3500.262,3496.738,0.02,0.02
01.04.2021 10:59:41.240 GMT+0100,3499.3440000000005,3496.533,0.0075,0.02
01.04.2021 10:59:54.369 GMT+0100,3498.385,3496.656,0.0075,0.02
01.04.2021 11:00:01.996 GMT+0100,3497.426,3494,0.02,0.02
01.04.2021 11:00:02.659 GMT+0100,3498.5490000000004,3493.5740000000005,0.02,0.02
01.04.2021 11:00:06.404 GMT+0100,3497.426,3493.533,0.0075,0.02
01.04.2021 11:00:12.970 GMT+0100,3497,3494.656,0.02,0.0075
01.04.2021 11:00:50.707 GMT+0100,3497.508,3493.656,0.02,0.02
01.04.2021 11:01:14.877 GMT+0100,3497.385,3495.697,0.0075,0.0075
01.04.2021 11:01:14.927 GMT+0100,3497.385,3494.533,0.02,0.02
01.04.2021 11:01:19.899 GMT+0100,3497.5490000000004,3493.451,0.02,0.02
01.04.2021 11:01:21.158 GMT+0100,3497.1800000000003,3495.738,0.02,0.02
01.04.2021 11:01:23.963 GMT+0100,3499,3495.738,0.02,0.02
01.04.2021 11:01:29.023 GMT+0100,3498.3440000000005,3495.492,0.0075,0.02
01.04.2021 11:01:49.025 GMT+0100,3499,3495.738,0.02,0.02
01.04.2021 11:01:50.978 GMT+0100,3501.303,3497.5740000000005,0.02,0.02
01.04.2021 11:01:51.029 GMT+0100,3501.467,3496.451,0.02,0.02
01.04.2021 11:01:58.923 GMT+0100,3501.508,3497.451,0.02,0.0075
01.04.2021 11:01:58.973 GMT+0100,3501.262,3496.5740000000005,0.02,0.02
01.04.2021 11:02:01.883 GMT+0100,3501.385,3497.5740000000005,0.02,0.02
01.04.2021 11:02:16.882 GMT+0100,3502.508,3497.5740000000005,0.02,0.02
01.04.2021 11:02:18.327 GMT+0100,3501.385,3497.82,0.0075,0.02
01.04.2021 11:02:49.779 GMT+0100,3501.1800000000003,3498.82,0.0075,0.0075
01.04.2021 11:02:49.829 GMT+0100,3502.262,3498.6150000000002,0.02,0.02
01.04.2021 11:02:49.971 GMT+0100,3502.303,3499.7790000000005,0.0075,0.0075
01.04.2021 11:02:50.022 GMT+0100,3503.508,3499.451,0.02,0.02
01.04.2021 11:02:50.269 GMT+0100,3503.1800000000003,3498.533,0.02,0.02
01.04.2021 11:02:50.319 GMT+0100,3502.385,3498.697,0.02,0.02
01.04.2021 11:02:51.428 GMT+0100,3502.426,3499.82,0.0075,0.0075
01.04.2021 11:02:51.478 GMT+0100,3503,3499.697,0.02,0.02
01.04.2021 11:03:13.772 GMT+0100,3503.508,3501,0.0075,0.0075
01.04.2021 11:03:13.823 GMT+0100,3504.303,3500.738,0.02,0.02
01.04.2021 11:03:14.044 GMT+0100,3504.303,3499.656,0.02,0.02
01.04.2021 11:03:14.599 GMT+0100,3504.1800000000003,3501.697,0.02,0.0075
01.04.2021 11:04:07.779 GMT+0100,3503.1800000000003,3501.451,0.0075,0.02
01.04.2021 11:04:08.826 GMT+0100,3503.3440000000005,3499.656,0.02,0.02
01.04.2021 11:04:08.927 GMT+0100,3502.508,3499.7790000000005,0.02,0.02
01.04.2021 11:04:16.486 GMT+0100,3502,3500.656,0.02,0.0075
01.04.2021 11:04:24.510 GMT+0100,3502.262,3498.492,0.02,0.02
01.04.2021 11:04:26.256 GMT+0100,3502.426,3499.697,0.02,0.0075
01.04.2021 11:04:52.028 GMT+0100,3501.467,3499.82,0.0075,0.0075
01.04.2021 11:04:52.078 GMT+0100,3501.1800000000003,3497.7790000000005,0.02,0.02
01.04.2021 11:04:53.908 GMT+0100,3501.221,3498.697,0.02,0.0075
01.04.2021 11:04:53.959 GMT+0100,3502.426,3498.697,0.02,0.02
01.04.2021 11:04:54.632 GMT+0100,3500.3440000000005,3498.656,0.0075,0.02
01.04.2021 11:05:09.821 GMT+0100,3500.303,3496.533,0.02,0.02
01.04.2021 11:05:09.970 GMT+0100,3500.426,3497.738,0.02,0.0075
01.04.2021 11:05:10.258 GMT+0100,3499.1800000000003,3497.7790000000005,0.0075,0.02
01.04.2021 11:05:42.799 GMT+0100,3499.303,3495.451,0.02,0.02
01.04.2021 11:05:47.616 GMT+0100,3499.508,3496.5740000000005,0.02,0.02
01.04.2021 11:05:47.710 GMT+0100,3499.221,3495.697,0.02,0.02
01.04.2021 11:05:48.483 GMT+0100,3499.221,3496.6150000000002,0.02,0.0075
01.04.2021 11:06:03.804 GMT+0100,3498,3496.7790000000005,0.0075,0.02
01.04.2021 11:07:39.083 GMT+0100,3498.262,3495.492,0.02,0.02
01.04.2021 11:07:49.474 GMT+0100,3498,3496.656,0.02,0.0075
01.04.2021 11:08:37.673 GMT+0100,3498.426,3495.697,0.02,0.02
01.04.2021 11:08:47.433 GMT+0100,3498.262,3497,0.0075,0.0075
01.04.2021 11:08:47.483 GMT+0100,3499.5490000000004,3496.5740000000005,0.02,0.02
01.04.2021 11:08:58.482 GMT+0100,3499.508,3495.7790000000005,0.02,0.02
01.04.2021 11:09:44.530 GMT+0100,3498.1800000000003,3495.697,0.02,0.02
01.04.2021 11:11:13.927 GMT+0100,3498.262,3497.492,0.0075,0.0075
01.04.2021 11:11:13.979 GMT+0100,3500.221,3497.6150000000002,0.02,0.02
01.04.2021 11:11:14.079 GMT+0100,3500.426,3496.738,0.02,0.02
01.04.2021 11:11:14.491 GMT+0100,3500.426,3497.492,0.02,0.0075
01.04.2021 11:11:37.022 GMT+0100,3499.426,3498,0.0075,0.0075
01.04.2021 11:11:37.072 GMT+0100,3499.426,3495.533,0.02,0.02
01.04.2021 11:12:42.363 GMT+0100,3500.221,3495.451,0.02,0.02
01.04.2021 11:12:42.413 GMT+0100,3500.303,3496.7790000000005,0.02,0.02
01.04.2021 11:14:20.524 GMT+0100,3499.385,3496.738,0.0075,0.0075
01.04.2021 11:14:20.574 GMT+0100,3499.5490000000004,3495.697,0.02,0.02
01.04.2021 11:14:21.329 GMT+0100,3499.3440000000005,3496.451,0.0075,0.0075
01.04.2021 11:14:21.379 GMT+0100,3500.467,3496.451,0.02,0.02
01.04.2021 11:14:21.440 GMT+0100,3500.426,3497.7790000000005,0.02,0.0075
01.04.2021 11:15:43.972 GMT+0100,3499.5490000000004,3497.6150000000002,0.0075,0.0075
01.04.2021 11:15:44.022 GMT+0100,3499.1800000000003,3495.5740000000005,0.02,0.02
01.04.2021 11:15:44.123 GMT+0100,3500.426,3495.7790000000005,0.02,0.02
01.04.2021 11:15:44.970 GMT+0100,3499.5490000000004,3495.656,0.0075,0.02
01.04.2021 11:15:45.494 GMT+0100,3499.303,3497,0.0075,0.0075
01.04.2021 11:15:45.544 GMT+0100,3500.3440000000005,3496.82,0.02,0.02
01.04.2021 11:15:45.629 GMT+0100,3500.467,3495.492,0.02,0.02
01.04.2021 11:15:46.177 GMT+0100,3500.385,3497,0.02,0.02
01.04.2021 11:16:06.257 GMT+0100,3499.3440000000005,3496.7790000000005,0.02,0.02
01.04.2021 11:16:07.372 GMT+0100,3500.508,3496.697,0.02,0.02
01.04.2021 11:16:50.771 GMT+0100,3500.508,3497.6150000000002,0.02,0.0075
01.04.2021 11:16:52.964 GMT+0100,3500,3496.697,0.02,0.02
01.04.2021 11:16:55.282 GMT+0100,3500.1800000000003,3497.451,0.02,0.0075
01.04.2021 11:18:07.385 GMT+0100,3500.3440000000005,3498.6150000000002,0.02,0.0075
01.04.2021 11:18:20.134 GMT+0100,3500.5490000000004,3498,0.02,0.02
01.04.2021 11:18:22.833 GMT+0100,3498.25,3497.5740000000005,0.0075,0.0075
01.04.2021 11:18:22.883 GMT+0100,3498.385,3496.697,0.02,0.02
01.04.2021 11:18:24.797 GMT+0100,3499,3496.7790000000005,0.02,0.02
01.04.2021 11:18:46.111 GMT+0100,3499,3495.533,0.02,0.02
01.04.2021 11:18:46.161 GMT+0100,3498.1800000000003,3495.6150000000002,0.02,0.02
01.04.2021 11:19:31.899 GMT+0100,3497.467,3496,0.0075,0.0075
01.04.2021 11:19:31.949 GMT+0100,3497.467,3493.82,0.02,0.02
01.04.2021 11:19:33.900 GMT+0100,3497.467,3494.697,0.02,0.0075
01.04.2021 11:19:47.959 GMT+0100,3498.221,3495,0.02,0.02
01.04.2021 11:19:48.060 GMT+0100,3498,3495.451,0.02,0.02
01.04.2021 11:19:49.277 GMT+0100,3498,3496.5740000000005,0.02,0.0075
01.04.2021 11:21:40.987 GMT+0100,3499.508,3496.451,0.02,0.02
01.04.2021 11:22:23.622 GMT+0100,3500.3440000000005,3497.492,0.02,0.02
01.04.2021 11:22:24.485 GMT+0100,3500.303,3498.738,0.0075,0.0075
01.04.2021 11:22:24.535 GMT+0100,3502.262,3498.6150000000002,0.02,0.02
01.04.2021 11:22:55.857 GMT+0100,3502.221,3499.82,0.02,0.0075
01.04.2021 11:23:04.668 GMT+0100,3501.467,3499.5740000000005,0.0075,0.02
01.04.2021 11:23:28.403 GMT+0100,3501.1800000000003,3498.738,0.02,0.02
01.04.2021 11:23:30.740 GMT+0100,3500.5490000000004,3498.5740000000005,0.0075,0.0075
01.04.2021 11:23:30.791 GMT+0100,3499.262,3495.697,0.02,0.02
01.04.2021 11:23:40.380 GMT+0100,3498,3495.82,0.02,0.02
01.04.2021 11:23:49.489 GMT+0100,3498.426,3496.533,0.02,0.0075
01.04.2021 11:23:50.482 GMT+0100,3499.385,3496.738,0.02,0.02
01.04.2021 11:23:51.045 GMT+0100,3500.467,3496.82,0.02,0.02
01.04.2021 11:23:57.259 GMT+0100,3499.467,3497,0.02,0.02
01.04.2021 11:24:36.058 GMT+0100,3500.385,3496.5740000000005,0.02,0.02
01.04.2021 11:24:36.109 GMT+0100,3499.1800000000003,3496.6150000000002,0.02,0.02
01.04.2021 11:24:42.045 GMT+0100,3498.303,3496.697,0.0075,0.0075
01.04.2021 11:24:42.095 GMT+0100,3498.467,3494.656,0.02,0.02
01.04.2021 11:24:43.752 GMT+0100,3498.426,3496,0.02,0.02
01.04.2021 11:25:48.249 GMT+0100,3498.221,3497,0.02,0.0075
01.04.2021 11:25:48.349 GMT+0100,3498.467,3495.697,0.02,0.02
01.04.2021 11:26:03.690 GMT+0100,3497.385,3495.533,0.0075,0.0075
01.04.2021 11:26:03.740 GMT+0100,3497.5490000000004,3493.492,0.02,0.02
01.04.2021 11:26:05.132 GMT+0100,3497.5490000000004,3494.656,0.02,0.02
01.04.2021 11:26:06.091 GMT+0100,3498.303,3494.533,0.02,0.02
01.04.2021 11:26:17.188 GMT+0100,3498.303,3495.492,0.02,0.0075
01.04.2021 11:28:07.117 GMT+0100,3496.1800000000003,3492.451,0.02,0.02
01.04.2021 11:28:07.576 GMT+0100,3495.3440000000005,3492.492,0.0075,0.0075
01.04.2021 11:28:07.626 GMT+0100,3495,3490.451,0.02,0.02
01.04.2021 11:28:07.841 GMT+0100,3494.262,3490.7790000000005,0.0075,0.02
01.04.2021 11:28:10.829 GMT+0100,3494.467,3491.6150000000002,0.02,0.02
01.04.2021 11:28:12.401 GMT+0100,3494.1800000000003,3491,0.02,0.02
01.04.2021 11:28:14.248 GMT+0100,3494,3491.492,0.02,0.0075
01.04.2021 11:28:20.400 GMT+0100,3494.508,3490.533,0.02,0.02
01.04.2021 11:28:21.911 GMT+0100,3494,3491.7790000000005,0.02,0.0075
01.04.2021 11:28:23.486 GMT+0100,3492.1800000000003,3491.7790000000005,0.0075,0.0075
01.04.2021 11:28:23.536 GMT+0100,3492.426,3488.451,0.02,0.02
01.04.2021 11:28:23.587 GMT+0100,3492.426,3489.492,0.02,0.02
01.04.2021 11:28:23.731 GMT+0100,3492.5490000000004,3488.5740000000005,0.02,0.02
01.04.2021 11:28:24.257 GMT+0100,3491.221,3488.533,0.02,0.02
01.04.2021 11:28:24.307 GMT+0100,3492.5490000000004,3488.7790000000005,0.02,0.02
01.04.2021 11:28:25.922 GMT+0100,3492,3487.697,0.02,0.02
01.04.2021 11:28:26.245 GMT+0100,3492.1800000000003,3488.7790000000005,0.02,0.02
01.04.2021 11:28:27.454 GMT+0100,3490.303,3488.5740000000005,0.0075,0.02
01.04.2021 11:28:32.570 GMT+0100,3491.303,3488.6150000000002,0.02,0.02
01.04.2021 11:28:55.479 GMT+0100,3491.303,3489.738,0.02,0.02
01.04.2021 11:28:57.530 GMT+0100,3495.221,3491,0.02,0.02
01.04.2021 11:28:58.591 GMT+0100,3495.3440000000005,3491.492,0.02,0.0075
01.04.2021 11:29:12.972 GMT+0100,3494.303,3491.492,0.0075,0.02
01.04.2021 11:29:22.333 GMT+0100,3493.1800000000003,3492,0.0075,0.0075
01.04.2021 11:29:22.384 GMT+0100,3493.221,3490,0.02,0.02
01.04.2021 11:29:50.406 GMT+0100,3491.426,3489.82,0.0075,0.0075
01.04.2021 11:29:50.457 GMT+0100,3491.303,3487.6150000000002,0.02,0.02
01.04.2021 11:29:50.557 GMT+0100,3491.221,3486.7790000000005,0.02,0.02
01.04.2021 11:29:50.649 GMT+0100,3490.3440000000005,3486.738,0.0075,0.02
01.04.2021 11:29:50.845 GMT+0100,3490.303,3488,0.02,0.0075
01.04.2021 11:29:50.895 GMT+0100,3490.385,3486.7790000000005,0.02,0.02
01.04.2021 11:29:55.845 GMT+0100,3490.5490000000004,3487.82,0.02,0.0075
01.04.2021 11:31:02.832 GMT+0100,3492.5490000000004,3487.656,0.02,0.02
01.04.2021 11:31:02.883 GMT+0100,3493.1800000000003,3489.7790000000005,0.02,0.02
01.04.2021 11:31:03.012 GMT+0100,3493.303,3488.82,0.02,0.02
01.04.2021 11:31:03.616 GMT+0100,3493.426,3489.5740000000005,0.02,0.0075
01.04.2021 11:31:04.687 GMT+0100,3492.5490000000004,3489.451,0.02,0.02
01.04.2021 11:31:06.551 GMT+0100,3493.426,3489.738,0.02,0.02
01.04.2021 11:31:07.261 GMT+0100,3492.467,3489.533,0.0075,0.02
01.04.2021 11:31:52.236 GMT+0100,3491.221,3487.697,0.02,0.02
01.04.2021 11:31:53.138 GMT+0100,3490,3487.5740000000005,0.0075,0.02
01.04.2021 11:34:59.705 GMT+0100,3491.3440000000005,3487.7790000000005,0.02,0.02
01.04.2021 11:34:59.756 GMT+0100,3492.1800000000003,3488.7790000000005,0.02,0.02
01.04.2021 11:35:01.100 GMT+0100,3491.385,3488.5740000000005,0.0075,0.02
01.04.2021 11:35:04.662 GMT+0100,3490.303,3488.738,0.0075,0.02
01.04.2021 11:35:04.978 GMT+0100,3490.426,3487.7790000000005,0.02,0.02
01.04.2021 11:35:05.037 GMT+0100,3490.508,3488.82,0.02,0.0075
01.04.2021 11:35:22.525 GMT+0100,3490.508,3487.492,0.02,0.02
01.04.2021 11:35:22.673 GMT+0100,3490.262,3485.5740000000005,0.02,0.02
01.04.2021 11:35:22.723 GMT+0100,3490.262,3486.656,0.02,0.02
01.04.2021 11:35:24.845 GMT+0100,3490.508,3487.738,0.02,0.0075
01.04.2021 11:35:32.560 GMT+0100,3488.303,3485.7790000000005,0.02,0.02
01.04.2021 11:36:10.162 GMT+0100,3487.426,3485.738,0.0075,0.0075
01.04.2021 11:36:10.213 GMT+0100,3487.5490000000004,3483.656,0.02,0.02
01.04.2021 11:36:41.146 GMT+0100,3487.1800000000003,3482.5740000000005,0.02,0.02
01.04.2021 11:36:45.173 GMT+0100,3487.3440000000005,3483.82,0.02,0.02
01.04.2021 11:36:47.264 GMT+0100,3487,3485,0.02,0.0075
01.04.2021 11:36:48.673 GMT+0100,3488.303,3484.738,0.02,0.02
01.04.2021 11:36:56.078 GMT+0100,3487.262,3484.492,0.0075,0.02
01.04.2021 11:37:02.547 GMT+0100,3488,3484.7790000000005,0.02,0.02
01.04.2021 11:37:06.661 GMT+0100,3487.3440000000005,3484.533,0.02,0.02
01.04.2021 11:37:16.421 GMT+0100,3487.426,3482.451,0.02,0.02
01.04.2021 11:37:16.522 GMT+0100,3486.385,3482.82,0.02,0.02
01.04.2021 11:37:17.856 GMT+0100,3486.303,3483.82,0.02,0.0075
01.04.2021 11:39:13.690 GMT+0100,3487.1800000000003,3483.492,0.02,0.02
01.04.2021 11:39:13.790 GMT+0100,3487.467,3484.738,0.02,0.02
01.04.2021 11:39:33.273 GMT+0100,3487.1800000000003,3483.7790000000005,0.02,0.02
01.04.2021 11:39:33.729 GMT+0100,3487,3484.5740000000005,0.02,0.02
01.04.2021 11:39:35.821 GMT+0100,3487.508,3483.6150000000002,0.02,0.02
01.04.2021 11:39:37.441 GMT+0100,3487,3485,0.02,0.0075
01.04.2021 11:40:00.165 GMT+0100,3485.3440000000005,3484.75,0.0075,0.0075
01.04.2021 11:40:00.215 GMT+0100,3485.262,3482.5740000000005,0.02,0.02
01.04.2021 11:40:01.284 GMT+0100,3486.303,3482.738,0.02,0.02
01.04.2021 11:40:14.237 GMT+0100,3485.426,3482.533,0.0075,0.02
01.04.2021 11:40:24.175 GMT+0100,3485,3481,0.02,0.02
01.04.2021 11:40:39.482 GMT+0100,3485.262,3481.656,0.02,0.02
01.04.2021 11:40:42.883 GMT+0100,3486,3481.656,0.02,0.02
01.04.2021 11:40:43.665 GMT+0100,3486.1800000000003,3482.451,0.0075,0.0075
01.04.2021 11:40:43.716 GMT+0100,3487,3483,0.02,0.02
01.04.2021 11:40:43.817 GMT+0100,3487.508,3484,0.02,0.02
01.04.2021 11:40:44.254 GMT+0100,3486.385,3483.6150000000002,0.02,0.02
