Local time,Ask,Bid,AskVolume,BidVolume
13.04.2021 08:00:26.761 GMT+0100,3451.1800000000003,3441,0.0075,0.02
13.04.2021 08:00:27.265 GMT+0100,3448,3440.492,0.0075,0.0075
13.04.2021 08:00:27.316 GMT+0100,3448.426,3433.492,0.02,0.02
13.04.2021 08:00:27.374 GMT+0100,3447.262,3433.82,0.0075,0.02
13.04.2021 08:00:27.585 GMT+0100,3447.467,3431.6150000000002,0.02,0.02
13.04.2021 08:00:27.644 GMT+0100,3444.221,3431.7790000000005,0.02,0.02
13.04.2021 08:00:28.200 GMT+0100,3442.5490000000004,3431.738,0.0075,0.0075
13.04.2021 08:00:28.250 GMT+0100,3442.1800000000003,3429.533,0.02,0.02
13.04.2021 08:00:28.400 GMT+0100,3442.303,3427.697,0.02,0.02
13.04.2021 08:00:28.451 GMT+0100,3442.221,3429.451,0.02,0.02
13.04.2021 08:00:28.732 GMT+0100,3444.5490000000004,3429.82,0.02,0.02
13.04.2021 08:00:29.409 GMT+0100,3444.467,3431.451,0.0075,0.0075
13.04.2021 08:00:29.459 GMT+0100,3446.508,3431.7790000000005,0.02,0.02
13.04.2021 08:00:40.145 GMT+0100,3448.3440000000005,3433.697,0.02,0.02
13.04.2021 08:00:40.273 GMT+0100,3447.426,3434,0.0075,0.02
13.04.2021 08:01:13.358 GMT+0100,3446.385,3433.7790000000005,0.0075,0.02
13.04.2021 08:01:22.103 GMT+0100,3444.221,3433.7790000000005,0.0075,0.02
13.04.2021 08:01:22.153 GMT+0100,3442.221,3425.533,0.02,0.02
13.04.2021 08:01:22.249 GMT+0100,3439.508,3425.82,0.0075,0.02
13.04.2021 08:01:22.524 GMT+0100,3439.467,3423.533,0.02,0.02
13.04.2021 08:01:24.177 GMT+0100,3439.3440000000005,3421.5740000000005,0.02,0.02
13.04.2021 08:01:24.278 GMT+0100,3437.303,3422,0.02,0.02
13.04.2021 08:01:40.541 GMT+0100,3434.5490000000004,3421.738,0.0075,0.0075
13.04.2021 08:01:40.592 GMT+0100,3434.1800000000003,3416.656,0.02,0.02
13.04.2021 08:01:41.278 GMT+0100,3432.467,3416.5740000000005,0.0075,0.02
13.04.2021 08:01:41.765 GMT+0100,3433.5490000000004,3416.492,0.02,0.02
13.04.2021 08:01:43.622 GMT+0100,3433,3414.738,0.02,0.02
13.04.2021 08:01:43.673 GMT+0100,3433,3413.451,0.02,0.02
13.04.2021 08:01:43.723 GMT+0100,3431,3413.492,0.02,0.02
13.04.2021 08:01:44.287 GMT+0100,3431.426,3410.697,0.02,0.02
13.04.2021 08:01:44.764 GMT+0100,3429.426,3410.451,0.0075,0.02
13.04.2021 08:01:45.875 GMT+0100,3428,3410.533,0.02,0.02
13.04.2021 08:01:50.676 GMT+0100,3428.303,3411.492,0.02,0.0075
13.04.2021 08:01:50.727 GMT+0100,3428.221,3410.5740000000005,0.02,0.02
13.04.2021 08:01:56.156 GMT+0100,3426.303,3412.6150000000002,0.0075,0.0075
13.04.2021 08:01:58.165 GMT+0100,3425,3412.738,0.02,0.02
13.04.2021 08:02:00.315 GMT+0100,3424.3440000000005,3412.492,0.02,0.02
13.04.2021 08:02:08.462 GMT+0100,3424.467,3413.82,0.02,0.02
13.04.2021 08:02:10.659 GMT+0100,3437.3440000000005,3414.6150000000002,0.02,0.02
13.04.2021 08:02:10.763 GMT+0100,3430.303,3414.7790000000005,0.02,0.02
13.04.2021 08:02:10.906 GMT+0100,3430.5490000000004,3413.82,0.02,0.02
13.04.2021 08:02:12.504 GMT+0100,3430.221,3414.7790000000005,0.02,0.02
13.04.2021 08:02:12.632 GMT+0100,3440.221,3416.451,0.02,0.02
13.04.2021 08:02:12.682 GMT+0100,3444.467,3423,0.02,0.02
13.04.2021 08:02:15.430 GMT+0100,3444.5490000000004,3420.656,0.02,0.02
13.04.2021 08:02:23.540 GMT+0100,3444.3440000000005,3424.5740000000005,0.02,0.0075
13.04.2021 08:02:26.912 GMT+0100,3439.221,3424.533,0.0075,0.02
13.04.2021 08:02:56.207 GMT+0100,3437.1800000000003,3426.7790000000005,0.02,0.02
13.04.2021 08:02:56.312 GMT+0100,3437.426,3426,0.02,0.02
13.04.2021 08:03:05.856 GMT+0100,3437.262,3427.5740000000005,0.02,0.0075
13.04.2021 08:03:06.115 GMT+0100,3437.426,3426.7790000000005,0.02,0.02
13.04.2021 08:03:07.060 GMT+0100,3437.467,3429,0.02,0.0075
13.04.2021 08:03:13.796 GMT+0100,3437,3426,0.02,0.02
13.04.2021 08:03:14.110 GMT+0100,3435.3440000000005,3425.7790000000005,0.0075,0.02
13.04.2021 08:03:20.238 GMT+0100,3435.5490000000004,3424.738,0.02,0.02
13.04.2021 08:03:30.671 GMT+0100,3433.426,3423.738,0.02,0.02
13.04.2021 08:03:32.898 GMT+0100,3434.221,3424,0.02,0.02
13.04.2021 08:03:32.948 GMT+0100,3436,3426.6150000000002,0.02,0.02
13.04.2021 08:03:32.999 GMT+0100,3437.426,3426.492,0.02,0.02
13.04.2021 08:03:33.049 GMT+0100,3443,3434.7790000000005,0.02,0.02
13.04.2021 08:03:33.099 GMT+0100,3439,3428.451,0.02,0.02
13.04.2021 08:03:33.153 GMT+0100,3440.262,3428.533,0.02,0.02
13.04.2021 08:03:37.910 GMT+0100,3441.1800000000003,3428.697,0.0075,0.02
13.04.2021 08:03:38.010 GMT+0100,3440.467,3428.656,0.02,0.02
13.04.2021 08:03:38.114 GMT+0100,3441.385,3428.82,0.02,0.02
13.04.2021 08:03:44.334 GMT+0100,3440.426,3428.697,0.0075,0.02
13.04.2021 08:03:58.732 GMT+0100,3440.262,3429.738,0.02,0.0075
13.04.2021 08:03:58.833 GMT+0100,3440.385,3431.451,0.02,0.02
13.04.2021 08:03:59.139 GMT+0100,3440.3440000000005,3435.5740000000005,0.0075,0.0075
13.04.2021 08:03:59.190 GMT+0100,3449.3440000000005,3435.738,0.02,0.02
13.04.2021 08:04:01.268 GMT+0100,3449.467,3436.7790000000005,0.02,0.0075
13.04.2021 08:04:02.136 GMT+0100,3448.5490000000004,3436.82,0.0075,0.02
13.04.2021 08:04:07.064 GMT+0100,3448.262,3437.82,0.02,0.0075
13.04.2021 08:04:13.995 GMT+0100,3447.1800000000003,3437.7790000000005,0.0075,0.0075
13.04.2021 08:04:14.046 GMT+0100,3447.426,3435.697,0.02,0.02
13.04.2021 08:04:14.096 GMT+0100,3445.5490000000004,3435,0.02,0.02
13.04.2021 08:04:15.860 GMT+0100,3445.508,3435.492,0.02,0.0075
13.04.2021 08:04:17.625 GMT+0100,3445,3434.697,0.02,0.02
13.04.2021 08:04:18.685 GMT+0100,3445.467,3433.533,0.02,0.02
13.04.2021 08:04:21.260 GMT+0100,3445.385,3434.533,0.02,0.0075
13.04.2021 08:04:51.268 GMT+0100,3445.426,3433.738,0.02,0.02
13.04.2021 08:04:51.318 GMT+0100,3445.508,3435.5740000000005,0.02,0.02
13.04.2021 08:05:12.894 GMT+0100,3445.508,3436.451,0.0075,0.0075
13.04.2021 08:05:12.945 GMT+0100,3446.426,3436.738,0.02,0.02
13.04.2021 08:05:17.003 GMT+0100,3445.303,3436.656,0.0075,0.02
13.04.2021 08:05:22.598 GMT+0100,3445.508,3434.82,0.02,0.02
13.04.2021 08:05:23.117 GMT+0100,3445.5490000000004,3435.738,0.02,0.02
13.04.2021 08:05:40.569 GMT+0100,3440.221,3435.492,0.0075,0.0075
13.04.2021 08:05:40.619 GMT+0100,3440.303,3431.5740000000005,0.02,0.02
13.04.2021 08:05:43.437 GMT+0100,3442.426,3432,0.02,0.02
13.04.2021 08:05:44.997 GMT+0100,3437.508,3429.697,0.02,0.02
13.04.2021 08:05:45.094 GMT+0100,3438.426,3429.451,0.02,0.02
13.04.2021 08:05:56.702 GMT+0100,3438.3440000000005,3430.82,0.0075,0.0075
13.04.2021 08:05:56.752 GMT+0100,3440.221,3430.5740000000005,0.02,0.02
13.04.2021 08:05:59.480 GMT+0100,3438.262,3430.451,0.0075,0.0075
13.04.2021 08:05:59.531 GMT+0100,3438.426,3429.82,0.02,0.02
13.04.2021 08:06:06.545 GMT+0100,3439,3429.6150000000002,0.02,0.02
13.04.2021 08:06:20.125 GMT+0100,3437.262,3430,0.0075,0.02
13.04.2021 08:06:30.121 GMT+0100,3438.426,3429.6150000000002,0.02,0.02
13.04.2021 08:06:30.171 GMT+0100,3439,3430.738,0.02,0.02
13.04.2021 08:06:30.289 GMT+0100,3439.508,3431.6150000000002,0.0075,0.02
13.04.2021 08:06:30.340 GMT+0100,3440.426,3431.6150000000002,0.02,0.02
13.04.2021 08:06:32.427 GMT+0100,3439.221,3431.492,0.0075,0.02
13.04.2021 08:07:29.638 GMT+0100,3433.385,3427.451,0.02,0.02
13.04.2021 08:07:29.689 GMT+0100,3433.508,3424,0.02,0.02
13.04.2021 08:07:29.739 GMT+0100,3432.221,3424,0.02,0.02
13.04.2021 08:07:32.603 GMT+0100,3432.385,3425,0.0075,0.0075
13.04.2021 08:07:32.653 GMT+0100,3434.3440000000005,3425,0.02,0.02
13.04.2021 08:07:32.704 GMT+0100,3435,3425.656,0.02,0.02
13.04.2021 08:07:33.471 GMT+0100,3433,3425.492,0.02,0.02
13.04.2021 08:07:37.689 GMT+0100,3437.3440000000005,3429.451,0.02,0.02
13.04.2021 08:07:46.904 GMT+0100,3436,3430,0.0075,0.02
13.04.2021 08:07:52.136 GMT+0100,3436.508,3430.656,0.02,0.0075
13.04.2021 08:08:12.946 GMT+0100,3437,3430.533,0.02,0.02
13.04.2021 08:08:28.223 GMT+0100,3436.3440000000005,3429.492,0.02,0.02
13.04.2021 08:08:28.273 GMT+0100,3434.303,3426.6150000000002,0.02,0.02
13.04.2021 08:08:28.382 GMT+0100,3435.1800000000003,3426.82,0.02,0.02
13.04.2021 08:08:31.477 GMT+0100,3435.426,3427.492,0.02,0.0075
13.04.2021 08:08:38.385 GMT+0100,3435,3428.82,0.02,0.02
13.04.2021 08:08:46.251 GMT+0100,3434.221,3428.492,0.0075,0.02
13.04.2021 08:08:46.761 GMT+0100,3433.303,3428.697,0.02,0.02
13.04.2021 08:08:46.812 GMT+0100,3438.262,3432.7790000000005,0.02,0.02
13.04.2021 08:08:46.900 GMT+0100,3436.221,3433,0.0075,0.02
13.04.2021 08:08:49.757 GMT+0100,3441.3440000000005,3432.6150000000002,0.02,0.02
13.04.2021 08:08:49.807 GMT+0100,3440.221,3432.738,0.02,0.02
13.04.2021 08:08:50.252 GMT+0100,3440.303,3433.738,0.02,0.0075
13.04.2021 08:08:57.100 GMT+0100,3439.385,3433.492,0.0075,0.02
13.04.2021 08:09:00.179 GMT+0100,3440.3440000000005,3433.533,0.02,0.02
13.04.2021 08:09:00.463 GMT+0100,3440.5490000000004,3432.656,0.02,0.02
13.04.2021 08:09:00.514 GMT+0100,3440.426,3434.5740000000005,0.02,0.02
13.04.2021 08:09:01.580 GMT+0100,3440.221,3435.5740000000005,0.0075,0.0075
13.04.2021 08:09:01.630 GMT+0100,3442.467,3436.6150000000002,0.02,0.02
13.04.2021 08:09:11.942 GMT+0100,3443.1800000000003,3436.656,0.02,0.02
13.04.2021 08:09:12.042 GMT+0100,3442.262,3436.656,0.02,0.02
13.04.2021 08:09:26.123 GMT+0100,3440.3440000000005,3436.697,0.0075,0.0075
13.04.2021 08:09:26.173 GMT+0100,3440.508,3432.82,0.02,0.02
13.04.2021 08:09:33.498 GMT+0100,3439.426,3433,0.0075,0.0075
13.04.2021 08:09:33.548 GMT+0100,3437.1800000000003,3429.5740000000005,0.02,0.02
13.04.2021 08:09:33.699 GMT+0100,3437.303,3431,0.02,0.02
13.04.2021 08:09:43.580 GMT+0100,3435.5490000000004,3430.492,0.0075,0.0075
13.04.2021 08:09:43.630 GMT+0100,3435.426,3428.451,0.02,0.02
13.04.2021 08:09:49.864 GMT+0100,3435.5490000000004,3429.738,0.0075,0.0075
13.04.2021 08:09:49.914 GMT+0100,3436.508,3429.7790000000005,0.02,0.02
13.04.2021 08:09:56.469 GMT+0100,3434.262,3429.738,0.0075,0.02
13.04.2021 08:09:56.621 GMT+0100,3435.426,3429.5740000000005,0.02,0.02
13.04.2021 08:10:04.132 GMT+0100,3435.385,3428.82,0.02,0.02
13.04.2021 08:10:05.220 GMT+0100,3434,3427.492,0.02,0.02
13.04.2021 08:10:07.290 GMT+0100,3434.467,3428.533,0.0075,0.0075
13.04.2021 08:10:07.340 GMT+0100,3435.426,3428.492,0.02,0.02
13.04.2021 08:10:09.090 GMT+0100,3434.385,3428.6150000000002,0.0075,0.0075
13.04.2021 08:10:09.140 GMT+0100,3434.221,3427.6150000000002,0.02,0.02
13.04.2021 08:10:12.329 GMT+0100,3432.5490000000004,3427.492,0.0075,0.0075
13.04.2021 08:10:12.379 GMT+0100,3433.467,3425.533,0.02,0.02
13.04.2021 08:10:12.430 GMT+0100,3433.426,3426.82,0.02,0.02
13.04.2021 08:10:29.588 GMT+0100,3431,3426,0.02,0.02
13.04.2021 08:10:29.638 GMT+0100,3431,3424.451,0.02,0.02
13.04.2021 08:10:29.979 GMT+0100,3431.303,3423.533,0.02,0.02
13.04.2021 08:10:32.472 GMT+0100,3430.3440000000005,3423.656,0.0075,0.0075
13.04.2021 08:10:37.586 GMT+0100,3430.303,3422.738,0.02,0.02
13.04.2021 08:10:38.928 GMT+0100,3428.303,3422.533,0.02,0.02
13.04.2021 08:10:38.978 GMT+0100,3427.262,3420.451,0.02,0.02
13.04.2021 08:10:44.714 GMT+0100,3428.467,3421,0.02,0.02
13.04.2021 08:10:50.317 GMT+0100,3427.508,3421,0.02,0.02
13.04.2021 08:11:10.646 GMT+0100,3426.385,3420.7790000000005,0.0075,0.02
13.04.2021 08:11:11.521 GMT+0100,3426,3419.6150000000002,0.02,0.02
13.04.2021 08:11:14.502 GMT+0100,3425.467,3419.82,0.0075,0.02
13.04.2021 08:11:45.704 GMT+0100,3424.467,3419.492,0.0075,0.0075
13.04.2021 08:11:45.754 GMT+0100,3424.303,3418.82,0.02,0.02
13.04.2021 08:11:46.939 GMT+0100,3425.303,3419,0.02,0.02
13.04.2021 08:11:54.459 GMT+0100,3425.5490000000004,3419.451,0.02,0.0075
13.04.2021 08:11:56.549 GMT+0100,3421.508,3414.697,0.02,0.02
13.04.2021 08:11:58.808 GMT+0100,3420,3415,0.0075,0.0075
13.04.2021 08:11:58.858 GMT+0100,3420.5490000000004,3412,0.02,0.02
13.04.2021 08:11:59.505 GMT+0100,3420.467,3412.656,0.02,0.02
13.04.2021 08:12:13.605 GMT+0100,3420.221,3411.738,0.02,0.02
13.04.2021 08:12:13.664 GMT+0100,3418.467,3411.7790000000005,0.0075,0.0075
13.04.2021 08:12:13.714 GMT+0100,3418.467,3410.697,0.02,0.02
13.04.2021 08:12:14.753 GMT+0100,3419.1800000000003,3410.7790000000005,0.02,0.02
13.04.2021 08:12:28.565 GMT+0100,3417.385,3410.697,0.02,0.02
13.04.2021 08:12:38.592 GMT+0100,3418.262,3410.492,0.02,0.02
13.04.2021 08:12:38.758 GMT+0100,3418.5490000000004,3409.7790000000005,0.02,0.02
13.04.2021 08:12:40.578 GMT+0100,3418.426,3408.697,0.02,0.02
13.04.2021 08:12:43.122 GMT+0100,3418.221,3410,0.02,0.02
13.04.2021 08:12:50.123 GMT+0100,3416.467,3409.5740000000005,0.02,0.02
13.04.2021 08:12:50.231 GMT+0100,3416.3440000000005,3408.533,0.02,0.02
13.04.2021 08:12:56.610 GMT+0100,3417.303,3408.82,0.02,0.02
13.04.2021 08:13:04.767 GMT+0100,3417.303,3410,0.02,0.0075
13.04.2021 08:13:04.817 GMT+0100,3419.508,3409.656,0.02,0.02
13.04.2021 08:13:24.197 GMT+0100,3419.426,3410.697,0.02,0.0075
13.04.2021 08:13:25.668 GMT+0100,3418.303,3410.492,0.0075,0.0075
13.04.2021 08:13:25.718 GMT+0100,3418.303,3409.7790000000005,0.02,0.02
13.04.2021 08:13:34.744 GMT+0100,3418.5490000000004,3410.533,0.02,0.0075
13.04.2021 08:13:38.972 GMT+0100,3419.221,3411,0.02,0.02
13.04.2021 08:13:39.444 GMT+0100,3419.1800000000003,3411.451,0.02,0.0075
13.04.2021 08:13:40.259 GMT+0100,3418.426,3411.82,0.0075,0.02
13.04.2021 08:13:44.652 GMT+0100,3419.426,3411.5740000000005,0.02,0.02
13.04.2021 08:13:52.021 GMT+0100,3419.3440000000005,3412.6150000000002,0.02,0.0075
13.04.2021 08:13:52.121 GMT+0100,3421.262,3412.5740000000005,0.02,0.02
13.04.2021 08:13:52.172 GMT+0100,3420.262,3413,0.02,0.02
13.04.2021 08:13:52.869 GMT+0100,3420.385,3413.7790000000005,0.02,0.0075
13.04.2021 08:14:29.480 GMT+0100,3419.303,3413.697,0.0075,0.0075
13.04.2021 08:14:29.530 GMT+0100,3419.5490000000004,3411.5740000000005,0.02,0.02
13.04.2021 08:14:31.807 GMT+0100,3418.467,3411.492,0.0075,0.02
13.04.2021 08:14:32.571 GMT+0100,3419.1800000000003,3411.7790000000005,0.02,0.02
13.04.2021 08:14:39.729 GMT+0100,3415,3411.7790000000005,0.0075,0.02
13.04.2021 08:14:39.779 GMT+0100,3415.221,3410.656,0.02,0.02
13.04.2021 08:14:46.320 GMT+0100,3415.1800000000003,3411.6150000000002,0.0075,0.0075
13.04.2021 08:14:46.370 GMT+0100,3419.5490000000004,3411.697,0.02,0.02
13.04.2021 08:14:59.571 GMT+0100,3419.221,3412.492,0.02,0.02
13.04.2021 08:15:27.703 GMT+0100,3418.426,3412.6150000000002,0.0075,0.0075
13.04.2021 08:15:27.753 GMT+0100,3418.467,3411.5740000000005,0.02,0.02
13.04.2021 08:15:30.992 GMT+0100,3418.385,3412.656,0.0075,0.0075
13.04.2021 08:15:31.043 GMT+0100,3419.262,3412.82,0.02,0.02
13.04.2021 08:15:41.815 GMT+0100,3417.303,3412.533,0.02,0.02
13.04.2021 08:15:41.976 GMT+0100,3418.508,3412.82,0.02,0.02
13.04.2021 08:15:50.567 GMT+0100,3417.467,3412.656,0.0075,0.02
13.04.2021 08:15:50.727 GMT+0100,3418.3440000000005,3412.492,0.02,0.02
13.04.2021 08:16:01.633 GMT+0100,3419.221,3412.5740000000005,0.02,0.02
13.04.2021 08:16:03.467 GMT+0100,3418.467,3412.5740000000005,0.02,0.02
13.04.2021 08:16:19.408 GMT+0100,3417.1800000000003,3412.533,0.0075,0.02
13.04.2021 08:16:19.508 GMT+0100,3418.262,3412.697,0.02,0.02
13.04.2021 08:16:26.598 GMT+0100,3417,3413,0.0075,0.0075
13.04.2021 08:16:26.648 GMT+0100,3417.1800000000003,3410.451,0.02,0.02
13.04.2021 08:16:26.699 GMT+0100,3414.262,3409.697,0.02,0.02
13.04.2021 08:16:29.001 GMT+0100,3414.3440000000005,3411.533,0.02,0.02
13.04.2021 08:16:37.746 GMT+0100,3414.508,3413,0.0075,0.0075
13.04.2021 08:16:37.796 GMT+0100,3418.1800000000003,3412.7790000000005,0.02,0.02
13.04.2021 08:16:37.856 GMT+0100,3418.385,3411.492,0.02,0.02
13.04.2021 08:16:39.513 GMT+0100,3417.1800000000003,3411.7790000000005,0.0075,0.02
13.04.2021 08:16:41.920 GMT+0100,3415.467,3411.5740000000005,0.0075,0.02
13.04.2021 08:16:42.099 GMT+0100,3416.385,3411.492,0.02,0.02
13.04.2021 08:16:44.585 GMT+0100,3414,3408.5740000000005,0.02,0.02
13.04.2021 08:16:44.694 GMT+0100,3415.385,3408.7790000000005,0.02,0.02
13.04.2021 08:16:47.013 GMT+0100,3416.426,3409.697,0.02,0.02
13.04.2021 08:17:14.009 GMT+0100,3414.385,3409.738,0.0075,0.02
13.04.2021 08:17:14.178 GMT+0100,3416,3409.738,0.02,0.02
13.04.2021 08:17:30.870 GMT+0100,3415.426,3409.738,0.02,0.02
13.04.2021 08:17:30.937 GMT+0100,3415.221,3408.533,0.02,0.02
13.04.2021 08:17:34.390 GMT+0100,3416.221,3409.738,0.02,0.02
13.04.2021 08:17:41.861 GMT+0100,3415.467,3409.7790000000005,0.0075,0.02
13.04.2021 08:17:49.610 GMT+0100,3416,3409.6150000000002,0.02,0.02
13.04.2021 08:17:50.081 GMT+0100,3415,3409.738,0.02,0.02
13.04.2021 08:17:59.650 GMT+0100,3416.5490000000004,3409.82,0.02,0.02
13.04.2021 08:18:01.945 GMT+0100,3415.1800000000003,3409.82,0.0075,0.02
13.04.2021 08:18:03.530 GMT+0100,3416.1800000000003,3409.738,0.02,0.02
13.04.2021 08:18:05.291 GMT+0100,3415.385,3409.82,0.0075,0.02
13.04.2021 08:18:07.350 GMT+0100,3416.221,3409.492,0.02,0.02
13.04.2021 08:18:08.502 GMT+0100,3415.385,3409.6150000000002,0.02,0.02
13.04.2021 08:18:10.404 GMT+0100,3414,3410,0.0075,0.02
13.04.2021 08:18:10.505 GMT+0100,3414.467,3408.533,0.02,0.02
13.04.2021 08:18:16.078 GMT+0100,3415.221,3409.533,0.02,0.0075
13.04.2021 08:18:16.195 GMT+0100,3416.467,3410.656,0.02,0.0075
13.04.2021 08:18:16.245 GMT+0100,3416.467,3409.738,0.02,0.02
13.04.2021 08:18:21.371 GMT+0100,3415.1800000000003,3409.82,0.0075,0.02
13.04.2021 08:18:26.195 GMT+0100,3415.508,3411,0.0075,0.0075
13.04.2021 08:18:26.245 GMT+0100,3416.303,3410.7790000000005,0.02,0.02
13.04.2021 08:18:26.599 GMT+0100,3415,3409.6150000000002,0.0075,0.02
13.04.2021 08:18:26.699 GMT+0100,3415.1800000000003,3408.451,0.02,0.02
13.04.2021 08:18:31.981 GMT+0100,3413.3440000000005,3409,0.0075,0.02
13.04.2021 08:18:32.082 GMT+0100,3415,3408.738,0.02,0.02
13.04.2021 08:18:43.993 GMT+0100,3413.385,3408.5740000000005,0.0075,0.02
13.04.2021 08:18:44.094 GMT+0100,3415.1800000000003,3408.656,0.02,0.02
13.04.2021 08:18:51.957 GMT+0100,3413.1800000000003,3408.492,0.0075,0.0075
13.04.2021 08:18:52.007 GMT+0100,3413.508,3408,0.02,0.02
13.04.2021 08:18:59.713 GMT+0100,3413.467,3406.697,0.02,0.02
13.04.2021 08:19:01.269 GMT+0100,3413.1800000000003,3407.533,0.02,0.0075
13.04.2021 08:19:08.501 GMT+0100,3413.1800000000003,3406.6150000000002,0.02,0.02
13.04.2021 08:19:10.039 GMT+0100,3414.467,3407.7790000000005,0.02,0.02
13.04.2021 08:19:10.150 GMT+0100,3413,3407.533,0.02,0.02
13.04.2021 08:19:12.639 GMT+0100,3414.303,3407.697,0.02,0.02
13.04.2021 08:19:14.470 GMT+0100,3414,3408.492,0.02,0.02
13.04.2021 08:19:21.472 GMT+0100,3413.426,3408.656,0.0075,0.0075
13.04.2021 08:19:21.522 GMT+0100,3413.1800000000003,3406.6150000000002,0.02,0.02
13.04.2021 08:19:23.221 GMT+0100,3412.3440000000005,3406.533,0.02,0.02
13.04.2021 08:19:31.057 GMT+0100,3412.426,3405.697,0.02,0.02
13.04.2021 08:19:31.765 GMT+0100,3413.1800000000003,3406,0.02,0.02
13.04.2021 08:19:32.322 GMT+0100,3413,3406.82,0.02,0.0075
13.04.2021 08:19:57.379 GMT+0100,3416,3409.533,0.02,0.02
13.04.2021 08:19:57.576 GMT+0100,3417.426,3411.533,0.02,0.02
13.04.2021 08:19:57.866 GMT+0100,3417.508,3413.451,0.02,0.0075
13.04.2021 08:19:59.676 GMT+0100,3417.467,3411.7790000000005,0.02,0.02
13.04.2021 08:20:00.068 GMT+0100,3417.426,3410.82,0.02,0.02
13.04.2021 08:20:02.194 GMT+0100,3417.303,3411.5740000000005,0.02,0.0075
13.04.2021 08:20:02.988 GMT+0100,3417.1800000000003,3410.533,0.02,0.02
13.04.2021 08:20:09.419 GMT+0100,3417.303,3411.492,0.02,0.0075
13.04.2021 08:20:10.442 GMT+0100,3417.221,3410.533,0.02,0.02
13.04.2021 08:20:13.566 GMT+0100,3417.508,3411.82,0.02,0.0075
13.04.2021 08:20:24.638 GMT+0100,3418.3440000000005,3411.738,0.02,0.02
13.04.2021 08:20:26.112 GMT+0100,3417.385,3411.6150000000002,0.0075,0.02
13.04.2021 08:20:26.617 GMT+0100,3418.221,3411.6150000000002,0.02,0.02
13.04.2021 08:20:26.752 GMT+0100,3417.303,3411.451,0.0075,0.02
13.04.2021 08:20:27.942 GMT+0100,3418.303,3411.697,0.02,0.02
13.04.2021 08:20:28.296 GMT+0100,3417.303,3411.451,0.0075,0.02
13.04.2021 08:20:35.410 GMT+0100,3417.426,3410.5740000000005,0.02,0.02
13.04.2021 08:20:37.732 GMT+0100,3417.467,3411.82,0.02,0.0075
13.04.2021 08:20:42.169 GMT+0100,3417.3440000000005,3410.7790000000005,0.02,0.02
13.04.2021 08:20:42.406 GMT+0100,3417.1800000000003,3411.738,0.02,0.0075
13.04.2021 08:21:15.214 GMT+0100,3417.426,3410.6150000000002,0.02,0.02
13.04.2021 08:21:18.200 GMT+0100,3417.426,3411.5740000000005,0.02,0.0075
13.04.2021 08:21:31.611 GMT+0100,3418.508,3411.82,0.02,0.02
13.04.2021 08:21:41.971 GMT+0100,3418,3414.533,0.0075,0.0075
13.04.2021 08:21:42.021 GMT+0100,3421.221,3414.656,0.02,0.02
13.04.2021 08:21:42.122 GMT+0100,3421.5490000000004,3415.697,0.02,0.02
13.04.2021 08:21:42.280 GMT+0100,3420.3440000000005,3415.6150000000002,0.02,0.02
13.04.2021 08:21:48.302 GMT+0100,3421.262,3415.656,0.02,0.02
13.04.2021 08:21:48.360 GMT+0100,3420.5490000000004,3415.697,0.0075,0.02
13.04.2021 08:22:06.060 GMT+0100,3419.385,3415.5740000000005,0.0075,0.02
13.04.2021 08:22:43.062 GMT+0100,3419.385,3416.533,0.0075,0.0075
13.04.2021 08:22:43.113 GMT+0100,3423.508,3417.533,0.02,0.02
13.04.2021 08:22:43.998 GMT+0100,3423.426,3416.6150000000002,0.02,0.02
13.04.2021 08:22:44.049 GMT+0100,3421,3415.451,0.02,0.02
13.04.2021 08:22:50.153 GMT+0100,3420.3440000000005,3419,0.0075,0.0075
13.04.2021 08:22:50.203 GMT+0100,3418.385,3411,0.02,0.02
13.04.2021 08:22:50.532 GMT+0100,3416.221,3410.82,0.0075,0.02
13.04.2021 08:22:50.763 GMT+0100,3416.5490000000004,3409.7790000000005,0.02,0.02
13.04.2021 08:22:52.529 GMT+0100,3416.221,3411.6150000000002,0.02,0.0075
13.04.2021 08:22:57.322 GMT+0100,3417.508,3411.6150000000002,0.02,0.02
13.04.2021 08:23:00.852 GMT+0100,3416.385,3411.697,0.0075,0.02
13.04.2021 08:24:44.007 GMT+0100,3414,3411.738,0.02,0.02
13.04.2021 08:25:00.487 GMT+0100,3416.467,3411.533,0.02,0.02
13.04.2021 08:25:00.657 GMT+0100,3417.3440000000005,3411.6150000000002,0.02,0.02
13.04.2021 08:25:08.852 GMT+0100,3417.1800000000003,3412.492,0.0075,0.0075
13.04.2021 08:25:08.902 GMT+0100,3420.221,3412.492,0.02,0.02
13.04.2021 08:25:11.868 GMT+0100,3420.262,3414.533,0.0075,0.0075
13.04.2021 08:25:11.918 GMT+0100,3421.3440000000005,3414.697,0.02,0.02
13.04.2021 08:25:18.874 GMT+0100,3421,3415.7790000000005,0.02,0.02
13.04.2021 08:25:20.405 GMT+0100,3421.303,3417.533,0.0075,0.0075
13.04.2021 08:25:20.455 GMT+0100,3423.3440000000005,3416.492,0.02,0.02
13.04.2021 08:25:23.428 GMT+0100,3422.1800000000003,3416.492,0.0075,0.0075
13.04.2021 08:25:23.478 GMT+0100,3422.5490000000004,3415.738,0.02,0.02
13.04.2021 08:25:37.828 GMT+0100,3422.1800000000003,3416.6150000000002,0.02,0.02
13.04.2021 08:25:37.954 GMT+0100,3423.5490000000004,3416.7790000000005,0.02,0.02
13.04.2021 08:25:42.845 GMT+0100,3422.262,3415.738,0.02,0.02
13.04.2021 08:25:50.957 GMT+0100,3422.1800000000003,3417.451,0.0075,0.0075
13.04.2021 08:25:51.007 GMT+0100,3423.467,3417.6150000000002,0.02,0.02
13.04.2021 08:25:57.094 GMT+0100,3422.1800000000003,3418,0.02,0.02
13.04.2021 08:26:03.739 GMT+0100,3421.1800000000003,3417.533,0.0075,0.02
13.04.2021 08:26:03.790 GMT+0100,3421,3416,0.02,0.02
13.04.2021 08:26:41.062 GMT+0100,3420.508,3416,0.0075,0.02
13.04.2021 08:26:41.464 GMT+0100,3419.303,3415.697,0.02,0.02
13.04.2021 08:28:11.665 GMT+0100,3421.426,3415.533,0.02,0.02
13.04.2021 08:28:11.715 GMT+0100,3421.303,3417.7790000000005,0.02,0.02
13.04.2021 08:28:14.379 GMT+0100,3423.221,3417.492,0.02,0.02
13.04.2021 08:28:14.452 GMT+0100,3422.3440000000005,3418,0.0075,0.02
13.04.2021 08:28:33.308 GMT+0100,3421.508,3417.656,0.0075,0.02
13.04.2021 08:28:39.342 GMT+0100,3421.3440000000005,3415.533,0.02,0.02
13.04.2021 08:29:01.445 GMT+0100,3422.3440000000005,3415.738,0.02,0.02
13.04.2021 08:29:01.496 GMT+0100,3420.508,3415.82,0.02,0.02
13.04.2021 08:29:12.354 GMT+0100,3420.1800000000003,3416.451,0.02,0.02
13.04.2021 08:29:14.078 GMT+0100,3420.5490000000004,3415.656,0.02,0.02
13.04.2021 08:29:21.340 GMT+0100,3423.262,3418.6150000000002,0.02,0.02
13.04.2021 08:29:21.397 GMT+0100,3423.508,3416.5740000000005,0.02,0.02
13.04.2021 08:29:21.456 GMT+0100,3423.3440000000005,3420,0.02,0.0075
13.04.2021 08:29:40.158 GMT+0100,3424.426,3420.82,0.02,0.02
13.04.2021 08:29:40.318 GMT+0100,3424.426,3419.492,0.02,0.02
13.04.2021 08:29:57.829 GMT+0100,3423.262,3419.697,0.0075,0.02
13.04.2021 08:29:57.930 GMT+0100,3424.303,3420,0.02,0.02
13.04.2021 08:30:05.550 GMT+0100,3423.221,3419.5740000000005,0.02,0.02
13.04.2021 08:30:05.663 GMT+0100,3424.385,3419.492,0.02,0.02
13.04.2021 08:30:46.722 GMT+0100,3428.262,3421.533,0.02,0.02
13.04.2021 08:30:48.316 GMT+0100,3428.303,3422.533,0.02,0.0075
13.04.2021 08:30:49.628 GMT+0100,3424.508,3423,0.0075,0.0075
13.04.2021 08:30:49.678 GMT+0100,3424.426,3419.656,0.02,0.02
13.04.2021 08:30:49.781 GMT+0100,3424.262,3418.5740000000005,0.02,0.02
13.04.2021 08:30:54.171 GMT+0100,3423.426,3418.656,0.02,0.02
13.04.2021 08:31:00.186 GMT+0100,3424.508,3419,0.02,0.02
13.04.2021 08:31:10.961 GMT+0100,3424.262,3419.738,0.0075,0.0075
13.04.2021 08:31:11.012 GMT+0100,3425.5490000000004,3419.697,0.02,0.02
13.04.2021 08:31:25.860 GMT+0100,3425.303,3420.533,0.02,0.0075
13.04.2021 08:31:47.108 GMT+0100,3424.385,3420.5740000000005,0.0075,0.02
13.04.2021 08:31:50.502 GMT+0100,3425.3440000000005,3420.738,0.02,0.02
13.04.2021 08:32:42.181 GMT+0100,3424.221,3420.6150000000002,0.0075,0.02
13.04.2021 08:32:54.514 GMT+0100,3423.467,3420.492,0.02,0.0075
13.04.2021 08:32:54.565 GMT+0100,3423.262,3418.697,0.02,0.02
13.04.2021 08:32:54.913 GMT+0100,3422.5490000000004,3418.738,0.02,0.02
13.04.2021 08:33:08.386 GMT+0100,3421,3418.7790000000005,0.02,0.02
13.04.2021 08:33:20.175 GMT+0100,3420.385,3415.656,0.02,0.02
13.04.2021 08:33:25.926 GMT+0100,3420.5490000000004,3417,0.02,0.02
13.04.2021 08:33:28.051 GMT+0100,3420,3417.656,0.0075,0.0075
13.04.2021 08:33:28.102 GMT+0100,3423.426,3417.697,0.02,0.02
13.04.2021 08:33:28.250 GMT+0100,3423.221,3419.451,0.0075,0.0075
13.04.2021 08:33:28.300 GMT+0100,3425,3419.6150000000002,0.02,0.02
13.04.2021 08:33:28.401 GMT+0100,3425.1800000000003,3418.738,0.02,0.02
13.04.2021 08:33:29.129 GMT+0100,3425.303,3419.5740000000005,0.02,0.0075
13.04.2021 08:33:43.410 GMT+0100,3424.1800000000003,3419.82,0.02,0.02
13.04.2021 08:34:02.643 GMT+0100,3425.221,3419.82,0.02,0.02
13.04.2021 08:35:14.761 GMT+0100,3425.5490000000004,3421.7790000000005,0.02,0.0075
13.04.2021 08:35:14.811 GMT+0100,3427.467,3421.697,0.02,0.02
13.04.2021 08:35:15.124 GMT+0100,3427.385,3422.451,0.02,0.0075
13.04.2021 08:35:21.302 GMT+0100,3426.508,3422.6150000000002,0.0075,0.02
13.04.2021 08:35:21.456 GMT+0100,3427.262,3422.533,0.02,0.02
13.04.2021 08:35:23.767 GMT+0100,3426.3440000000005,3422.738,0.0075,0.02
13.04.2021 08:35:25.660 GMT+0100,3427.385,3422.451,0.02,0.02
13.04.2021 08:35:42.406 GMT+0100,3428.3440000000005,3422.82,0.02,0.02
13.04.2021 08:35:42.654 GMT+0100,3428.1800000000003,3423.5740000000005,0.02,0.0075
13.04.2021 08:35:42.755 GMT+0100,3430.385,3424.738,0.02,0.02
13.04.2021 08:35:42.881 GMT+0100,3429.467,3423.492,0.0075,0.02
13.04.2021 08:35:56.779 GMT+0100,3428.508,3423.697,0.0075,0.0075
13.04.2021 08:35:56.980 GMT+0100,3428.508,3422.492,0.02,0.02
13.04.2021 08:35:59.041 GMT+0100,3429.5490000000004,3422.5740000000005,0.02,0.02
13.04.2021 08:36:00.657 GMT+0100,3429.5490000000004,3424.738,0.02,0.0075
13.04.2021 08:36:11.068 GMT+0100,3428.508,3424.82,0.0075,0.02
13.04.2021 08:36:19.474 GMT+0100,3429.508,3424.492,0.02,0.02
13.04.2021 08:36:22.370 GMT+0100,3427.5490000000004,3422.451,0.02,0.02
13.04.2021 08:36:31.509 GMT+0100,3426.385,3422.656,0.02,0.02
13.04.2021 08:37:30.581 GMT+0100,3425.1800000000003,3422.697,0.0075,0.0075
13.04.2021 08:37:30.631 GMT+0100,3425.303,3420.533,0.02,0.02
13.04.2021 08:37:30.765 GMT+0100,3426,3419.697,0.02,0.02
13.04.2021 08:37:50.606 GMT+0100,3426.508,3420.5740000000005,0.02,0.0075
13.04.2021 08:37:53.394 GMT+0100,3426.426,3419.5740000000005,0.02,0.02
13.04.2021 08:37:55.563 GMT+0100,3426.385,3420.697,0.02,0.0075
13.04.2021 08:37:56.332 GMT+0100,3426.508,3421.738,0.02,0.02
13.04.2021 08:38:52.052 GMT+0100,3425.508,3422,0.0075,0.02
13.04.2021 08:38:54.338 GMT+0100,3426,3421.6150000000002,0.02,0.02
13.04.2021 08:38:56.749 GMT+0100,3425.426,3421.82,0.0075,0.02
13.04.2021 08:38:58.601 GMT+0100,3426.5490000000004,3422,0.02,0.02
13.04.2021 08:39:01.495 GMT+0100,3424.385,3421.492,0.0075,0.0075
13.04.2021 08:39:01.546 GMT+0100,3424.262,3420,0.02,0.02
13.04.2021 08:39:22.872 GMT+0100,3424.262,3420.533,0.0075,0.0075
13.04.2021 08:39:22.922 GMT+0100,3426.3440000000005,3420.5740000000005,0.02,0.02
13.04.2021 08:39:23.496 GMT+0100,3426.303,3421.451,0.02,0.02
13.04.2021 08:39:53.585 GMT+0100,3424.385,3421.492,0.0075,0.02
13.04.2021 08:40:07.174 GMT+0100,3424.3440000000005,3422.738,0.0075,0.0075
13.04.2021 08:40:07.224 GMT+0100,3428.467,3422.7790000000005,0.02,0.02
13.04.2021 08:40:07.274 GMT+0100,3428.385,3423.82,0.02,0.02
13.04.2021 08:40:08.052 GMT+0100,3428.385,3424.656,0.0075,0.0075
13.04.2021 08:40:08.102 GMT+0100,3429.467,3424.7790000000005,0.02,0.02
13.04.2021 08:40:13.076 GMT+0100,3429.385,3423.82,0.02,0.02
13.04.2021 08:40:16.896 GMT+0100,3428.262,3423.738,0.0075,0.02
13.04.2021 08:40:19.354 GMT+0100,3428.508,3425,0.02,0.0075
13.04.2021 08:40:30.191 GMT+0100,3428.303,3426,0.0075,0.0075
13.04.2021 08:40:30.242 GMT+0100,3429.3440000000005,3425.656,0.02,0.02
13.04.2021 08:40:30.342 GMT+0100,3430.221,3424.82,0.02,0.02
13.04.2021 08:40:30.520 GMT+0100,3431.467,3424.656,0.02,0.02
13.04.2021 08:40:30.620 GMT+0100,3431.3440000000005,3427.656,0.02,0.0075
13.04.2021 08:40:31.134 GMT+0100,3432.3440000000005,3427.533,0.02,0.02
13.04.2021 08:40:32.934 GMT+0100,3431.303,3427.533,0.0075,0.02
13.04.2021 08:40:33.034 GMT+0100,3432.467,3427.656,0.02,0.02
13.04.2021 08:40:34.772 GMT+0100,3432.262,3428.738,0.02,0.02
13.04.2021 08:40:36.709 GMT+0100,3433.303,3429.7790000000005,0.02,0.02
13.04.2021 08:40:38.628 GMT+0100,3433.5490000000004,3430.656,0.02,0.0075
13.04.2021 08:40:53.370 GMT+0100,3434.1800000000003,3430.738,0.02,0.02
13.04.2021 08:42:00.386 GMT+0100,3435.3440000000005,3430.492,0.02,0.02
13.04.2021 08:42:00.561 GMT+0100,3435,3431.656,0.02,0.0075
13.04.2021 08:42:00.611 GMT+0100,3437.3440000000005,3431.451,0.02,0.02
13.04.2021 08:42:00.662 GMT+0100,3437.303,3433.7790000000005,0.02,0.02
13.04.2021 08:42:07.018 GMT+0100,3436.1800000000003,3433.697,0.0075,0.02
13.04.2021 08:42:07.119 GMT+0100,3437.1800000000003,3433.6150000000002,0.02,0.02
13.04.2021 08:43:30.599 GMT+0100,3436.3440000000005,3433.533,0.01,0.01
13.04.2021 08:43:51.852 GMT+0100,3434.508,3433.5,0.0075,0.0075
13.04.2021 08:43:51.902 GMT+0100,3434.1800000000003,3429.738,0.02,0.02
13.04.2021 08:44:16.100 GMT+0100,3434.467,3430.7790000000005,0.0075,0.0075
13.04.2021 08:44:16.150 GMT+0100,3436.3440000000005,3431.656,0.02,0.02
13.04.2021 08:44:16.201 GMT+0100,3436.3440000000005,3430.451,0.02,0.02
13.04.2021 08:44:29.799 GMT+0100,3436.3440000000005,3431.451,0.02,0.0075
13.04.2021 08:44:35.920 GMT+0100,3436.262,3432.738,0.0075,0.02
13.04.2021 08:44:35.970 GMT+0100,3439.3440000000005,3434,0.02,0.02
13.04.2021 08:44:36.162 GMT+0100,3439.262,3435,0.02,0.0075
13.04.2021 08:44:38.933 GMT+0100,3438.1800000000003,3434.451,0.0075,0.0075
13.04.2021 08:44:38.983 GMT+0100,3438.508,3433.492,0.02,0.02
13.04.2021 08:44:39.034 GMT+0100,3438.1800000000003,3432.533,0.02,0.02
13.04.2021 08:45:00.257 GMT+0100,3438.385,3432,0.02,0.02
13.04.2021 08:45:00.652 GMT+0100,3438.426,3432.6150000000002,0.02,0.0075
13.04.2021 08:45:10.547 GMT+0100,3437.3440000000005,3432.5740000000005,0.0075,0.02
13.04.2021 08:45:23.997 GMT+0100,3437.221,3431.6150000000002,0.02,0.02
13.04.2021 08:45:24.880 GMT+0100,3437.3440000000005,3432.82,0.02,0.0075
13.04.2021 08:45:45.100 GMT+0100,3436.5490000000004,3432.82,0.0075,0.0075
13.04.2021 08:45:45.155 GMT+0100,3436,3431.5740000000005,0.02,0.02
13.04.2021 08:45:49.791 GMT+0100,3437.3440000000005,3431.656,0.02,0.02
13.04.2021 08:45:53.219 GMT+0100,3436.5490000000004,3431.6150000000002,0.0075,0.02
13.04.2021 08:45:54.906 GMT+0100,3435.5490000000004,3430.656,0.02,0.0075
13.04.2021 08:45:54.957 GMT+0100,3435,3430,0.02,0.02
13.04.2021 08:45:56.937 GMT+0100,3435.221,3430.492,0.02,0.02
13.04.2021 08:46:00.191 GMT+0100,3436.426,3430.492,0.02,0.02
13.04.2021 08:46:02.421 GMT+0100,3436,3429.656,0.02,0.02
13.04.2021 08:46:03.249 GMT+0100,3436.3440000000005,3430.656,0.02,0.0075
13.04.2021 08:46:05.019 GMT+0100,3435.221,3429.533,0.02,0.02
13.04.2021 08:46:05.152 GMT+0100,3436.385,3429.451,0.02,0.02
13.04.2021 08:46:05.915 GMT+0100,3436.221,3431.7790000000005,0.02,0.0075
13.04.2021 08:46:07.058 GMT+0100,3436.508,3430.492,0.02,0.02
13.04.2021 08:46:21.092 GMT+0100,3436.426,3431.697,0.0075,0.0075
13.04.2021 08:46:21.142 GMT+0100,3437.262,3431.697,0.02,0.02
13.04.2021 08:46:36.605 GMT+0100,3436.508,3430.492,0.02,0.02
13.04.2021 08:46:36.706 GMT+0100,3435.262,3430.656,0.02,0.02
13.04.2021 08:46:41.387 GMT+0100,3436.508,3430.738,0.02,0.02
13.04.2021 08:46:42.264 GMT+0100,3434.262,3430.5740000000005,0.0075,0.0075
13.04.2021 08:46:42.314 GMT+0100,3434.426,3429.6150000000002,0.02,0.02
13.04.2021 08:46:44.167 GMT+0100,3434.508,3430.82,0.0075,0.0075
13.04.2021 08:46:44.218 GMT+0100,3435.508,3430,0.02,0.02
13.04.2021 08:46:44.272 GMT+0100,3434,3429.738,0.0075,0.02
13.04.2021 08:46:45.456 GMT+0100,3435.221,3429.82,0.02,0.02
13.04.2021 08:46:46.368 GMT+0100,3433.262,3429.533,0.02,0.02
13.04.2021 08:46:49.658 GMT+0100,3433.3440000000005,3430.5740000000005,0.02,0.0075
13.04.2021 08:46:49.708 GMT+0100,3436.3440000000005,3430.656,0.02,0.02
13.04.2021 08:46:53.195 GMT+0100,3435.262,3430.738,0.02,0.02
13.04.2021 08:47:12.390 GMT+0100,3436.426,3430.656,0.02,0.02
13.04.2021 08:47:58.503 GMT+0100,3434.3440000000005,3431,0.02,0.02
13.04.2021 08:47:58.604 GMT+0100,3433.221,3429.5740000000005,0.0075,0.02
13.04.2021 08:47:58.654 GMT+0100,3434,3429.7790000000005,0.02,0.02
13.04.2021 08:47:59.409 GMT+0100,3435.1800000000003,3429.656,0.02,0.02
13.04.2021 08:48:31.591 GMT+0100,3434.467,3429.5740000000005,0.0075,0.02
13.04.2021 08:48:51.156 GMT+0100,3431.5490000000004,3429.5740000000005,0.0075,0.0075
13.04.2021 08:48:51.206 GMT+0100,3431.3440000000005,3426.7790000000005,0.02,0.02
13.04.2021 08:48:51.345 GMT+0100,3432.262,3426.533,0.02,0.02
13.04.2021 08:48:51.954 GMT+0100,3431.1800000000003,3426.533,0.02,0.02
13.04.2021 08:49:04.267 GMT+0100,3431.303,3427.5740000000005,0.0075,0.0075
13.04.2021 08:49:04.318 GMT+0100,3432.3440000000005,3427.451,0.02,0.02
13.04.2021 08:49:05.302 GMT+0100,3432.508,3426.7790000000005,0.02,0.02
13.04.2021 08:49:06.300 GMT+0100,3433.303,3426.533,0.02,0.02
13.04.2021 08:49:06.358 GMT+0100,3432.1800000000003,3426.82,0.0075,0.02
13.04.2021 08:49:07.595 GMT+0100,3432,3427.738,0.02,0.0075
13.04.2021 08:49:23.335 GMT+0100,3433.508,3427.492,0.02,0.02
13.04.2021 08:49:27.422 GMT+0100,3433.221,3428.7790000000005,0.02,0.02
13.04.2021 08:49:34.472 GMT+0100,3432.5490000000004,3428.533,0.0075,0.0075
13.04.2021 08:49:34.523 GMT+0100,3432.5490000000004,3427.533,0.02,0.02
13.04.2021 08:49:42.894 GMT+0100,3432.426,3429,0.0075,0.0075
13.04.2021 08:49:42.944 GMT+0100,3433.262,3428.7790000000005,0.02,0.02
13.04.2021 08:50:35.219 GMT+0100,3432.303,3427.451,0.02,0.02
13.04.2021 08:50:43.868 GMT+0100,3432.467,3428.7790000000005,0.02,0.0075
13.04.2021 08:50:48.561 GMT+0100,3432.262,3429.492,0.02,0.0075
13.04.2021 08:51:03.331 GMT+0100,3431.262,3427.533,0.02,0.02
13.04.2021 08:51:03.502 GMT+0100,3432.467,3427.451,0.02,0.02
13.04.2021 08:51:24.580 GMT+0100,3432.1800000000003,3428.5740000000005,0.02,0.0075
13.04.2021 08:52:00.135 GMT+0100,3432.426,3427.533,0.02,0.02
13.04.2021 08:52:05.396 GMT+0100,3431.426,3427.738,0.02,0.02
13.04.2021 08:52:07.740 GMT+0100,3431.426,3428.492,0.02,0.0075
13.04.2021 08:53:15.049 GMT+0100,3433,3429.6150000000002,0.02,0.02
13.04.2021 08:53:15.451 GMT+0100,3435.5490000000004,3431.451,0.02,0.0075
13.04.2021 08:53:15.602 GMT+0100,3435.3440000000005,3432.656,0.02,0.0075
13.04.2021 08:53:15.702 GMT+0100,3436.426,3432.738,0.02,0.02
13.04.2021 08:53:18.151 GMT+0100,3434.467,3431.492,0.02,0.02
13.04.2021 08:53:18.201 GMT+0100,3435.262,3431.738,0.02,0.02
13.04.2021 08:54:30.989 GMT+0100,3433,3431.492,0.02,0.02
13.04.2021 08:55:51.519 GMT+0100,3432.385,3428.7790000000005,0.02,0.02
13.04.2021 08:55:52.604 GMT+0100,3431,3428.533,0.0075,0.02
13.04.2021 08:55:52.705 GMT+0100,3431.221,3427.656,0.02,0.02
13.04.2021 08:55:52.756 GMT+0100,3429.5490000000004,3427.656,0.02,0.02
13.04.2021 08:55:55.770 GMT+0100,3429.5,3428.492,0.0075,0.0075
13.04.2021 08:55:55.820 GMT+0100,3432.1800000000003,3428.697,0.02,0.02
13.04.2021 08:55:57.071 GMT+0100,3432.426,3427.738,0.02,0.02
13.04.2021 08:57:32.066 GMT+0100,3431,3427.533,0.01,0.01
13.04.2021 08:57:58.582 GMT+0100,3430.508,3427.82,0.0075,0.0075
13.04.2021 08:57:58.632 GMT+0100,3430.303,3425.6150000000002,0.02,0.02
13.04.2021 08:57:58.683 GMT+0100,3429.385,3426,0.02,0.02
13.04.2021 08:57:58.788 GMT+0100,3428.5490000000004,3423.5740000000005,0.02,0.02
13.04.2021 08:58:02.538 GMT+0100,3427.5490000000004,3423.5740000000005,0.0075,0.0075
13.04.2021 08:58:02.588 GMT+0100,3427.1800000000003,3422.533,0.02,0.02
13.04.2021 08:58:03.272 GMT+0100,3428.385,3423.7790000000005,0.02,0.02
13.04.2021 08:58:12.509 GMT+0100,3427.3440000000005,3423.6150000000002,0.0075,0.0075
13.04.2021 08:58:12.559 GMT+0100,3427,3422.533,0.02,0.02
13.04.2021 08:58:13.028 GMT+0100,3427.303,3424,0.02,0.0075
13.04.2021 08:58:21.260 GMT+0100,3429,3424.7790000000005,0.02,0.02
13.04.2021 08:58:21.403 GMT+0100,3429.303,3426.492,0.02,0.02
13.04.2021 08:58:22.067 GMT+0100,3430.508,3426.6150000000002,0.02,0.02
13.04.2021 08:58:22.652 GMT+0100,3430.221,3428,0.02,0.02
13.04.2021 08:59:13.503 GMT+0100,3433.262,3429.451,0.02,0.02
13.04.2021 08:59:14.914 GMT+0100,3433.221,3430.82,0.02,0.0075
13.04.2021 08:59:51.052 GMT+0100,3433.5490000000004,3431.6150000000002,0.0075,0.0075
13.04.2021 08:59:51.102 GMT+0100,3435.262,3431.7790000000005,0.02,0.02
13.04.2021 08:59:51.302 GMT+0100,3435.467,3430.492,0.02,0.02
13.04.2021 08:59:53.113 GMT+0100,3436.5490000000004,3430.5740000000005,0.02,0.02
13.04.2021 09:00:01.310 GMT+0100,3436.1800000000003,3431.533,0.02,0.02
13.04.2021 09:00:02.075 GMT+0100,3436.467,3430.533,0.02,0.02
13.04.2021 09:00:09.973 GMT+0100,3435.385,3430.738,0.0075,0.02
13.04.2021 09:00:30.302 GMT+0100,3435.385,3434,0.0075,0.0075
13.04.2021 09:00:30.352 GMT+0100,3438,3433.6150000000002,0.02,0.02
13.04.2021 09:00:31.064 GMT+0100,3438.1800000000003,3435.6150000000002,0.0075,0.0075
13.04.2021 09:00:31.114 GMT+0100,3440.426,3435.5740000000005,0.02,0.02
13.04.2021 09:00:31.792 GMT+0100,3440.467,3437.6150000000002,0.0075,0.0075
13.04.2021 09:00:31.842 GMT+0100,3442.5490000000004,3437.656,0.02,0.02
13.04.2021 09:00:33.260 GMT+0100,3441.303,3438,0.02,0.02
13.04.2021 09:00:47.796 GMT+0100,3442.508,3437.656,0.02,0.02
13.04.2021 09:01:01.761 GMT+0100,3443.3440000000005,3439.492,0.02,0.02
13.04.2021 09:01:01.861 GMT+0100,3443.385,3438.697,0.02,0.02
13.04.2021 09:01:06.902 GMT+0100,3443.1800000000003,3437.697,0.02,0.02
13.04.2021 09:01:23.165 GMT+0100,3443.426,3438.656,0.02,0.0075
13.04.2021 09:01:26.603 GMT+0100,3444.262,3439.738,0.02,0.02
13.04.2021 09:01:26.779 GMT+0100,3444.262,3438.738,0.02,0.02
13.04.2021 09:01:26.917 GMT+0100,3443.221,3438.6150000000002,0.0075,0.02
13.04.2021 09:01:26.967 GMT+0100,3443.385,3438,0.02,0.02
13.04.2021 09:01:27.064 GMT+0100,3443.385,3438.7790000000005,0.0075,0.0075
13.04.2021 09:01:27.114 GMT+0100,3444.262,3438.82,0.02,0.02
13.04.2021 09:01:27.217 GMT+0100,3443.5490000000004,3438.533,0.02,0.02
13.04.2021 09:01:27.276 GMT+0100,3443.508,3437.5740000000005,0.02,0.02
13.04.2021 09:01:30.943 GMT+0100,3443.467,3438.533,0.02,0.0075
13.04.2021 09:01:54.977 GMT+0100,3442.3440000000005,3437.656,0.02,0.02
13.04.2021 09:01:55.737 GMT+0100,3443.5490000000004,3437.5740000000005,0.02,0.02
13.04.2021 09:01:56.272 GMT+0100,3443.385,3438.533,0.02,0.0075
13.04.2021 09:02:20.056 GMT+0100,3443.426,3439.82,0.02,0.0075
13.04.2021 09:02:24.377 GMT+0100,3442.221,3439.5740000000005,0.02,0.02
13.04.2021 09:02:25.102 GMT+0100,3443.5490000000004,3440,0.02,0.02
13.04.2021 09:03:23.112 GMT+0100,3444.303,3441,0.02,0.02
13.04.2021 09:03:26.555 GMT+0100,3443.262,3440.492,0.0075,0.02
13.04.2021 09:03:49.252 GMT+0100,3443.3440000000005,3441.533,0.02,0.0075
13.04.2021 09:03:51.581 GMT+0100,3443.262,3439.451,0.02,0.02
13.04.2021 09:04:00.890 GMT+0100,3442.467,3439.697,0.0075,0.02
13.04.2021 09:04:00.940 GMT+0100,3441.1800000000003,3436.82,0.02,0.02
13.04.2021 09:04:00.991 GMT+0100,3442.467,3438.82,0.02,0.02
13.04.2021 09:04:01.143 GMT+0100,3442.508,3437.492,0.02,0.02
13.04.2021 09:04:01.269 GMT+0100,3440,3437.656,0.0075,0.02
13.04.2021 09:04:03.169 GMT+0100,3440.426,3438.697,0.02,0.02
13.04.2021 09:04:03.558 GMT+0100,3442.221,3438.533,0.02,0.02
13.04.2021 09:04:05.518 GMT+0100,3443.467,3439.451,0.02,0.02
13.04.2021 09:04:18.535 GMT+0100,3442.221,3437.697,0.02,0.02
13.04.2021 09:04:21.460 GMT+0100,3442,3438.5740000000005,0.0075,0.0075
13.04.2021 09:04:21.510 GMT+0100,3443,3438.82,0.02,0.02
13.04.2021 09:04:23.524 GMT+0100,3443.385,3439.492,0.02,0.0075
13.04.2021 09:04:30.177 GMT+0100,3444.303,3439.82,0.02,0.02
13.04.2021 09:04:36.476 GMT+0100,3443.1800000000003,3437.697,0.02,0.02
13.04.2021 09:04:36.928 GMT+0100,3442.385,3437.697,0.0075,0.02
13.04.2021 09:04:37.392 GMT+0100,3441.221,3437.6150000000002,0.02,0.02
13.04.2021 09:04:38.450 GMT+0100,3441.1800000000003,3438.533,0.02,0.0075
13.04.2021 09:04:50.181 GMT+0100,3443.303,3438.6150000000002,0.02,0.02
13.04.2021 09:04:50.282 GMT+0100,3443.467,3439.82,0.02,0.02
13.04.2021 09:04:50.982 GMT+0100,3444.508,3439.697,0.02,0.02
13.04.2021 09:04:51.855 GMT+0100,3444.262,3440.6150000000002,0.02,0.0075
13.04.2021 09:05:06.866 GMT+0100,3444,3439.738,0.02,0.02
13.04.2021 09:05:22.083 GMT+0100,3444.262,3440.451,0.02,0.02
13.04.2021 09:05:56.217 GMT+0100,3443,3440.656,0.02,0.02
13.04.2021 09:05:56.312 GMT+0100,3444.508,3440.5740000000005,0.02,0.02
13.04.2021 09:06:45.592 GMT+0100,3443.426,3440.6150000000002,0.0075,0.02
13.04.2021 09:07:44.039 GMT+0100,3443.221,3441.451,0.02,0.02
13.04.2021 09:07:45.199 GMT+0100,3443.3440000000005,3438.533,0.02,0.02
13.04.2021 09:07:54.602 GMT+0100,3445.221,3440.738,0.02,0.02
13.04.2021 09:07:55.309 GMT+0100,3445.385,3441.6150000000002,0.02,0.0075
13.04.2021 09:07:57.307 GMT+0100,3444,3441.533,0.0075,0.02
13.04.2021 09:08:00.973 GMT+0100,3445.5490000000004,3441.738,0.02,0.02
13.04.2021 09:09:04.068 GMT+0100,3444.3440000000005,3442,0.01,0.01
13.04.2021 09:09:04.118 GMT+0100,3445.262,3441.82,0.02,0.02
13.04.2021 09:09:11.942 GMT+0100,3443.3440000000005,3441.738,0.0075,0.02
13.04.2021 09:10:12.835 GMT+0100,3443,3440.738,0.02,0.02
13.04.2021 09:10:34.599 GMT+0100,3443.467,3441.697,0.02,0.0075
13.04.2021 09:10:39.673 GMT+0100,3442.262,3441.5,0.0075,0.0075
13.04.2021 09:10:39.723 GMT+0100,3442.426,3438.492,0.02,0.02
13.04.2021 09:10:39.986 GMT+0100,3443.508,3438.5740000000005,0.02,0.02
13.04.2021 09:10:43.339 GMT+0100,3443.221,3440,0.02,0.0075
13.04.2021 09:10:43.440 GMT+0100,3443.385,3440.6150000000002,0.02,0.02
13.04.2021 09:10:58.403 GMT+0100,3443.467,3439.7790000000005,0.02,0.02
13.04.2021 09:11:02.594 GMT+0100,3443,3440.533,0.02,0.0075
13.04.2021 09:11:02.695 GMT+0100,3443.303,3439.7790000000005,0.02,0.02
13.04.2021 09:11:02.864 GMT+0100,3443.221,3440.7790000000005,0.02,0.0075
13.04.2021 09:11:30.510 GMT+0100,3443.508,3441.697,0.02,0.02
13.04.2021 09:11:42.743 GMT+0100,3446.303,3441.5740000000005,0.02,0.02
13.04.2021 09:11:42.884 GMT+0100,3445.221,3441.5740000000005,0.0075,0.0075
13.04.2021 09:11:42.934 GMT+0100,3445.508,3441,0.02,0.02
13.04.2021 09:11:42.985 GMT+0100,3445.221,3441.6150000000002,0.02,0.02
13.04.2021 09:11:46.135 GMT+0100,3445.426,3442.7790000000005,0.02,0.0075
13.04.2021 09:11:47.023 GMT+0100,3446.3440000000005,3443,0.02,0.02
13.04.2021 09:11:50.152 GMT+0100,3446.221,3443.451,0.02,0.0075
13.04.2021 09:11:50.734 GMT+0100,3448.385,3443.5740000000005,0.02,0.02
13.04.2021 09:11:51.277 GMT+0100,3447.508,3443.5740000000005,0.02,0.02
13.04.2021 09:12:04.895 GMT+0100,3448.508,3444,0.02,0.02
13.04.2021 09:12:11.930 GMT+0100,3447.303,3443.492,0.0075,0.02
13.04.2021 09:12:22.131 GMT+0100,3448.1800000000003,3443.738,0.02,0.02
13.04.2021 09:12:36.704 GMT+0100,3448.426,3446.82,0.0075,0.0075
13.04.2021 09:12:36.754 GMT+0100,3451.385,3447.6150000000002,0.02,0.02
13.04.2021 09:12:37.727 GMT+0100,3452.1800000000003,3447.656,0.02,0.02
13.04.2021 09:12:37.869 GMT+0100,3451,3447.697,0.0075,0.02
13.04.2021 09:12:39.169 GMT+0100,3452.467,3448.697,0.02,0.02
13.04.2021 09:12:55.886 GMT+0100,3452.1800000000003,3450,0.0075,0.02
13.04.2021 09:12:55.936 GMT+0100,3453.303,3449.82,0.02,0.02
13.04.2021 09:12:57.000 GMT+0100,3453,3450.6150000000002,0.0075,0.0075
13.04.2021 09:12:57.050 GMT+0100,3454.1800000000003,3450.697,0.02,0.02
13.04.2021 09:12:57.162 GMT+0100,3454.385,3449.533,0.02,0.02
13.04.2021 09:13:10.923 GMT+0100,3454.221,3450.697,0.0075,0.0075
13.04.2021 09:13:10.973 GMT+0100,3455.467,3450.738,0.02,0.02
13.04.2021 09:13:12.927 GMT+0100,3455.262,3449.533,0.02,0.02
13.04.2021 09:13:26.777 GMT+0100,3454.5490000000004,3449.451,0.02,0.02
13.04.2021 09:13:29.203 GMT+0100,3455.385,3449.533,0.02,0.02
13.04.2021 09:13:30.623 GMT+0100,3454.221,3449.533,0.02,0.02
13.04.2021 09:13:57.295 GMT+0100,3453.5490000000004,3449.697,0.0075,0.02
13.04.2021 09:13:59.400 GMT+0100,3454.5490000000004,3449.82,0.02,0.02
13.04.2021 09:14:00.068 GMT+0100,3454,3450.738,0.0075,0.0075
13.04.2021 09:14:00.119 GMT+0100,3455.426,3450.5740000000005,0.02,0.02
13.04.2021 09:14:00.169 GMT+0100,3454,3449.697,0.02,0.02
13.04.2021 09:14:00.930 GMT+0100,3455.385,3449.697,0.02,0.02
13.04.2021 09:14:19.827 GMT+0100,3454.467,3449.6150000000002,0.02,0.02
13.04.2021 09:14:30.312 GMT+0100,3454.385,3450.656,0.02,0.02
13.04.2021 09:14:58.144 GMT+0100,3454.385,3449.82,0.02,0.02
13.04.2021 09:14:58.668 GMT+0100,3454.262,3450.492,0.02,0.0075
13.04.2021 09:15:11.741 GMT+0100,3454.1800000000003,3449.492,0.02,0.02
13.04.2021 09:15:14.941 GMT+0100,3453.5490000000004,3449.656,0.0075,0.02
13.04.2021 09:15:15.042 GMT+0100,3454.467,3449.738,0.02,0.02
13.04.2021 09:15:15.256 GMT+0100,3452.467,3449.738,0.0075,0.02
13.04.2021 09:15:16.227 GMT+0100,3453.3440000000005,3449.492,0.02,0.02
13.04.2021 09:15:20.008 GMT+0100,3453,3450.697,0.0075,0.0075
13.04.2021 09:15:20.058 GMT+0100,3454.508,3450.492,0.02,0.02
13.04.2021 09:15:20.173 GMT+0100,3454.221,3449.6150000000002,0.02,0.02
13.04.2021 09:15:57.499 GMT+0100,3453.3440000000005,3449.451,0.02,0.02
13.04.2021 09:16:20.153 GMT+0100,3454.508,3449.6150000000002,0.02,0.02
13.04.2021 09:16:53.807 GMT+0100,3453.262,3449.5740000000005,0.02,0.02
13.04.2021 09:17:01.109 GMT+0100,3452.385,3450,0.02,0.02
13.04.2021 09:17:01.264 GMT+0100,3453.467,3449.738,0.02,0.02
13.04.2021 09:17:16.453 GMT+0100,3454.508,3450,0.02,0.02
13.04.2021 09:17:35.993 GMT+0100,3454.385,3450.492,0.02,0.0075
13.04.2021 09:17:36.093 GMT+0100,3454.508,3450,0.02,0.02
13.04.2021 09:18:00.835 GMT+0100,3457.467,3452.738,0.02,0.02
13.04.2021 09:18:01.878 GMT+0100,3457.303,3452,0.02,0.02
13.04.2021 09:18:03.872 GMT+0100,3456.5490000000004,3451.738,0.0075,0.02
13.04.2021 09:18:04.434 GMT+0100,3456.3440000000005,3452.738,0.0075,0.0075
13.04.2021 09:18:04.484 GMT+0100,3457.467,3452.697,0.02,0.02
13.04.2021 09:18:55.993 GMT+0100,3456.262,3451.5740000000005,0.02,0.02
13.04.2021 09:20:00.042 GMT+0100,3458.3440000000005,3455,0.02,0.02
13.04.2021 09:20:00.093 GMT+0100,3460.221,3454.451,0.02,0.02
13.04.2021 09:20:00.921 GMT+0100,3460.221,3453.533,0.02,0.02
13.04.2021 09:20:01.301 GMT+0100,3460.303,3455.5740000000005,0.02,0.02
13.04.2021 09:20:02.935 GMT+0100,3464.508,3459.82,0.02,0.02
13.04.2021 09:20:03.036 GMT+0100,3463.221,3459.451,0.02,0.02
13.04.2021 09:20:03.086 GMT+0100,3464.467,3459.82,0.02,0.02
13.04.2021 09:20:04.306 GMT+0100,3463.467,3460,0.0075,0.0075
13.04.2021 09:20:04.356 GMT+0100,3463.3440000000005,3458,0.02,0.02
13.04.2021 09:20:04.737 GMT+0100,3463.262,3458.7790000000005,0.02,0.0075
13.04.2021 09:20:06.496 GMT+0100,3463.221,3459.533,0.02,0.02
13.04.2021 09:20:45.917 GMT+0100,3464.385,3459.451,0.02,0.02
13.04.2021 09:20:47.349 GMT+0100,3464.508,3460.656,0.02,0.02
13.04.2021 09:21:08.064 GMT+0100,3462,3460.697,0.0075,0.0075
13.04.2021 09:21:08.114 GMT+0100,3462.508,3459.451,0.02,0.02
13.04.2021 09:21:08.165 GMT+0100,3463.467,3459.82,0.02,0.02
13.04.2021 09:21:32.505 GMT+0100,3462.467,3459.5740000000005,0.02,0.02
13.04.2021 09:22:00.202 GMT+0100,3461.426,3458.738,0.02,0.02
13.04.2021 09:22:00.387 GMT+0100,3461.262,3456.738,0.02,0.02
13.04.2021 09:22:00.553 GMT+0100,3460.467,3456.6150000000002,0.02,0.02
13.04.2021 09:22:00.603 GMT+0100,3460.385,3455.451,0.02,0.02
13.04.2021 09:22:00.990 GMT+0100,3460.221,3456.6150000000002,0.02,0.02
13.04.2021 09:22:06.271 GMT+0100,3460.303,3456,0.02,0.02
13.04.2021 09:22:06.352 GMT+0100,3460.467,3456.451,0.02,0.0075
13.04.2021 09:22:56.963 GMT+0100,3459.221,3455.697,0.02,0.02
13.04.2021 09:22:58.487 GMT+0100,3461.1800000000003,3455.7790000000005,0.02,0.02
13.04.2021 09:22:58.548 GMT+0100,3461.467,3456.492,0.0075,0.0075
13.04.2021 09:22:58.598 GMT+0100,3462.385,3456.451,0.02,0.02
13.04.2021 09:22:59.052 GMT+0100,3461.385,3456.82,0.02,0.02
13.04.2021 09:22:59.103 GMT+0100,3462.467,3456.697,0.02,0.02
13.04.2021 09:23:03.735 GMT+0100,3460.3440000000005,3457,0.02,0.02
13.04.2021 09:23:10.283 GMT+0100,3460.3440000000005,3455.492,0.02,0.02
13.04.2021 09:23:11.660 GMT+0100,3460.385,3456.7790000000005,0.02,0.0075
13.04.2021 09:23:31.221 GMT+0100,3461.385,3456.738,0.02,0.02
13.04.2021 09:23:33.193 GMT+0100,3460,3456.5740000000005,0.02,0.02
13.04.2021 09:23:50.223 GMT+0100,3461.508,3456.738,0.02,0.02
13.04.2021 09:23:50.860 GMT+0100,3462.385,3458.5740000000005,0.02,0.0075
13.04.2021 09:23:51.118 GMT+0100,3464.221,3458.7790000000005,0.02,0.02
13.04.2021 09:23:51.993 GMT+0100,3464.221,3460.656,0.02,0.02
13.04.2021 09:24:00.119 GMT+0100,3465.3440000000005,3460.451,0.02,0.02
13.04.2021 09:24:02.524 GMT+0100,3464.1800000000003,3460.738,0.0075,0.02
13.04.2021 09:24:04.024 GMT+0100,3465,3460.7790000000005,0.02,0.02
13.04.2021 09:24:06.372 GMT+0100,3464.467,3460.533,0.0075,0.02
13.04.2021 09:24:07.373 GMT+0100,3465.262,3460.656,0.02,0.02
13.04.2021 09:24:27.121 GMT+0100,3465.5490000000004,3461.6150000000002,0.0075,0.0075
13.04.2021 09:24:27.171 GMT+0100,3466.426,3461.656,0.02,0.02
13.04.2021 09:24:27.222 GMT+0100,3465.467,3461.451,0.02,0.02
13.04.2021 09:24:27.272 GMT+0100,3465,3460.533,0.02,0.02
13.04.2021 09:24:31.942 GMT+0100,3464.508,3460.451,0.0075,0.02
13.04.2021 09:24:50.205 GMT+0100,3463.1800000000003,3460.7790000000005,0.0075,0.02
13.04.2021 09:24:50.365 GMT+0100,3464.508,3460.697,0.02,0.02
13.04.2021 09:24:56.052 GMT+0100,3463.426,3460.6150000000002,0.0075,0.02
13.04.2021 09:25:02.727 GMT+0100,3462.426,3460.697,0.0075,0.02
13.04.2021 09:25:02.906 GMT+0100,3463.3440000000005,3460.5740000000005,0.02,0.02
13.04.2021 09:25:02.956 GMT+0100,3462.303,3461,0.02,0.02
13.04.2021 09:25:05.931 GMT+0100,3463.262,3460.738,0.02,0.02
13.04.2021 09:25:33.092 GMT+0100,3462.262,3460.738,0.0075,0.0075
13.04.2021 09:25:33.142 GMT+0100,3463.221,3458.697,0.02,0.02
13.04.2021 09:25:37.110 GMT+0100,3462.426,3458.451,0.02,0.02
13.04.2021 09:27:01.609 GMT+0100,3462.1800000000003,3459.7790000000005,0.0075,0.0075
13.04.2021 09:27:01.660 GMT+0100,3463.1800000000003,3460,0.02,0.02
13.04.2021 09:27:04.988 GMT+0100,3466.1800000000003,3462,0.02,0.02
13.04.2021 09:27:05.280 GMT+0100,3466.5490000000004,3462.82,0.02,0.0075
13.04.2021 09:27:05.760 GMT+0100,3465.303,3463,0.0075,0.02
13.04.2021 09:27:05.861 GMT+0100,3465.385,3463.451,0.02,0.02
13.04.2021 09:27:09.743 GMT+0100,3467.3440000000005,3463.492,0.02,0.02
13.04.2021 09:27:09.852 GMT+0100,3469.221,3464.82,0.02,0.02
13.04.2021 09:27:12.196 GMT+0100,3470.467,3464.533,0.02,0.02
13.04.2021 09:27:14.512 GMT+0100,3469.221,3464.738,0.0075,0.02
13.04.2021 09:27:32.678 GMT+0100,3467,3464.7790000000005,0.0075,0.0075
13.04.2021 09:27:32.729 GMT+0100,3469.1800000000003,3464.738,0.02,0.02
13.04.2021 09:27:32.843 GMT+0100,3469.303,3463.492,0.02,0.02
13.04.2021 09:27:33.301 GMT+0100,3469.3440000000005,3464.6150000000002,0.02,0.0075
13.04.2021 09:27:34.419 GMT+0100,3469.5490000000004,3465.451,0.02,0.0075
13.04.2021 09:27:34.652 GMT+0100,3469.5490000000004,3466.7790000000005,0.02,0.0075
13.04.2021 09:27:35.192 GMT+0100,3468.303,3466.82,0.0075,0.0075
13.04.2021 09:27:35.242 GMT+0100,3468.508,3463.6150000000002,0.02,0.02
13.04.2021 09:27:35.343 GMT+0100,3469.508,3463.7790000000005,0.02,0.02
13.04.2021 09:27:35.393 GMT+0100,3469.385,3464.656,0.02,0.02
13.04.2021 09:27:35.468 GMT+0100,3469,3463.7790000000005,0.02,0.02
13.04.2021 09:27:35.519 GMT+0100,3469.5490000000004,3464.533,0.02,0.0075
13.04.2021 09:27:35.713 GMT+0100,3468.467,3464.697,0.02,0.02
13.04.2021 09:27:59.901 GMT+0100,3468.221,3465.7790000000005,0.02,0.0075
13.04.2021 09:28:00.001 GMT+0100,3470.5490000000004,3466.697,0.02,0.02
13.04.2021 09:28:00.052 GMT+0100,3470.221,3465.6150000000002,0.02,0.02
13.04.2021 09:28:01.460 GMT+0100,3470.303,3467.492,0.02,0.0075
13.04.2021 09:28:01.623 GMT+0100,3471.508,3468,0.02,0.02
13.04.2021 09:28:17.724 GMT+0100,3472.1800000000003,3468.451,0.02,0.02
13.04.2021 09:28:17.774 GMT+0100,3472,3467.492,0.02,0.02
13.04.2021 09:30:13.273 GMT+0100,3470.467,3466.697,0.02,0.02
13.04.2021 09:30:25.121 GMT+0100,3469.426,3466.451,0.0075,0.02
13.04.2021 09:30:25.326 GMT+0100,3470.303,3466.451,0.02,0.02
13.04.2021 09:30:43.187 GMT+0100,3468.426,3466.656,0.0075,0.02
13.04.2021 09:31:39.137 GMT+0100,3468.5490000000004,3464.533,0.02,0.02
13.04.2021 09:31:45.969 GMT+0100,3468.5490000000004,3463.6150000000002,0.02,0.02
13.04.2021 09:32:05.840 GMT+0100,3467.5490000000004,3463.5740000000005,0.0075,0.02
13.04.2021 09:32:13.396 GMT+0100,3467.5490000000004,3464.492,0.02,0.0075
13.04.2021 09:32:14.724 GMT+0100,3467.385,3466.82,0.0075,0.0075
13.04.2021 09:32:14.775 GMT+0100,3470.5490000000004,3466.451,0.02,0.02
13.04.2021 09:32:15.392 GMT+0100,3470.221,3465.492,0.02,0.02
13.04.2021 09:32:25.185 GMT+0100,3470.303,3466.533,0.02,0.0075
13.04.2021 09:32:25.235 GMT+0100,3470.385,3465.697,0.02,0.02
13.04.2021 09:32:27.068 GMT+0100,3470.426,3466.82,0.02,0.0075
13.04.2021 09:32:28.131 GMT+0100,3471.467,3466.492,0.02,0.02
13.04.2021 09:32:28.277 GMT+0100,3470.508,3466.656,0.0075,0.02
13.04.2021 09:32:39.122 GMT+0100,3470.221,3465.82,0.02,0.02
13.04.2021 09:32:45.279 GMT+0100,3470.3440000000005,3466.697,0.02,0.0075
13.04.2021 09:35:21.660 GMT+0100,3469.221,3466.6150000000002,0.0075,0.02
13.04.2021 09:35:24.148 GMT+0100,3470.1800000000003,3466.697,0.02,0.02
13.04.2021 09:36:02.776 GMT+0100,3469.508,3466.82,0.0075,0.02
13.04.2021 09:37:18.529 GMT+0100,3469.3440000000005,3468,0.02,0.0075
13.04.2021 09:37:18.829 GMT+0100,3471.262,3467.7790000000005,0.02,0.02
13.04.2021 09:37:23.344 GMT+0100,3471.5490000000004,3468.451,0.02,0.0075
13.04.2021 09:37:23.394 GMT+0100,3474.426,3470.738,0.02,0.02
13.04.2021 09:37:23.510 GMT+0100,3474.385,3469.82,0.02,0.02
13.04.2021 09:37:23.706 GMT+0100,3474.385,3470.451,0.02,0.0075
13.04.2021 09:37:24.682 GMT+0100,3473.221,3470.697,0.0075,0.02
13.04.2021 09:37:35.335 GMT+0100,3473.426,3469.492,0.02,0.02
13.04.2021 09:37:35.435 GMT+0100,3471.3440000000005,3466.451,0.02,0.02
13.04.2021 09:37:35.486 GMT+0100,3472.303,3467,0.02,0.02
13.04.2021 09:37:35.795 GMT+0100,3471.303,3467.492,0.02,0.02
13.04.2021 09:37:35.845 GMT+0100,3470.426,3465.738,0.02,0.02
13.04.2021 09:37:36.001 GMT+0100,3469.467,3465.738,0.02,0.02
13.04.2021 09:37:36.052 GMT+0100,3470.426,3465.656,0.02,0.02
13.04.2021 09:37:36.134 GMT+0100,3470.385,3466.656,0.0075,0.0075
13.04.2021 09:37:36.184 GMT+0100,3472.1800000000003,3465.492,0.02,0.02
13.04.2021 09:37:36.860 GMT+0100,3472.5490000000004,3467.82,0.02,0.0075
13.04.2021 09:37:37.719 GMT+0100,3471.221,3466.492,0.02,0.02
13.04.2021 09:37:39.525 GMT+0100,3471.5490000000004,3467.738,0.02,0.02
13.04.2021 09:37:40.359 GMT+0100,3471.1800000000003,3470.5,0.0075,0.0075
13.04.2021 09:37:40.409 GMT+0100,3472.426,3470.656,0.02,0.02
13.04.2021 09:37:40.548 GMT+0100,3473.385,3470.82,0.02,0.02
13.04.2021 09:37:42.472 GMT+0100,3473.467,3469.7790000000005,0.02,0.02
13.04.2021 09:37:42.522 GMT+0100,3473,3470.738,0.02,0.02
13.04.2021 09:37:42.573 GMT+0100,3473.262,3469.533,0.02,0.02
13.04.2021 09:37:42.623 GMT+0100,3473,3470.82,0.02,0.02
13.04.2021 09:37:42.673 GMT+0100,3479.467,3475.82,0.02,0.02
13.04.2021 09:37:42.763 GMT+0100,3478.508,3475.492,0.0075,0.02
13.04.2021 09:37:43.475 GMT+0100,3478.5490000000004,3474.82,0.02,0.02
13.04.2021 09:37:48.502 GMT+0100,3479.508,3474.7790000000005,0.02,0.02
13.04.2021 09:37:51.468 GMT+0100,3478.1800000000003,3475,0.02,0.02
13.04.2021 09:38:08.119 GMT+0100,3480.5490000000004,3474.697,0.02,0.02
13.04.2021 09:38:09.060 GMT+0100,3479,3474.492,0.0075,0.02
13.04.2021 09:38:09.297 GMT+0100,3479,3475.5740000000005,0.02,0.0075
13.04.2021 09:38:39.092 GMT+0100,3478.467,3474.5740000000005,0.02,0.02
13.04.2021 09:38:39.171 GMT+0100,3479.467,3474.82,0.02,0.02
13.04.2021 09:38:46.616 GMT+0100,3479.262,3476,0.02,0.02
13.04.2021 09:38:47.120 GMT+0100,3478.426,3475.82,0.02,0.02
13.04.2021 09:38:47.170 GMT+0100,3479.3440000000005,3475.82,0.02,0.02
13.04.2021 09:38:57.951 GMT+0100,3479.426,3476.738,0.02,0.0075
13.04.2021 09:38:58.001 GMT+0100,3480,3476.7790000000005,0.02,0.02
13.04.2021 09:38:58.104 GMT+0100,3480.1800000000003,3475.656,0.02,0.02
13.04.2021 09:39:00.068 GMT+0100,3479.303,3475.697,0.0075,0.02
13.04.2021 09:39:01.274 GMT+0100,3478.3440000000005,3475.697,0.02,0.02
13.04.2021 09:39:01.383 GMT+0100,3479.5490000000004,3475.738,0.02,0.02
13.04.2021 09:39:07.972 GMT+0100,3477.508,3475.82,0.0075,0.0075
13.04.2021 09:39:08.022 GMT+0100,3477.303,3474.492,0.02,0.02
13.04.2021 09:39:08.175 GMT+0100,3478.3440000000005,3474.738,0.02,0.02
13.04.2021 09:39:08.605 GMT+0100,3479.5490000000004,3474.82,0.02,0.02
13.04.2021 09:39:08.656 GMT+0100,3478.262,3474.6150000000002,0.02,0.02
13.04.2021 09:39:09.147 GMT+0100,3477.221,3474.738,0.0075,0.02
13.04.2021 09:41:19.628 GMT+0100,3478.467,3474.82,0.02,0.02
13.04.2021 09:41:22.168 GMT+0100,3477.303,3474.697,0.0075,0.02
13.04.2021 09:41:43.243 GMT+0100,3478.385,3474.697,0.02,0.02
13.04.2021 09:41:45.452 GMT+0100,3479.303,3474.697,0.02,0.02
13.04.2021 09:41:52.938 GMT+0100,3478.426,3474.6150000000002,0.0075,0.02
13.04.2021 09:41:54.732 GMT+0100,3478.3440000000005,3475.5740000000005,0.02,0.0075
13.04.2021 09:42:00.103 GMT+0100,3479.385,3475.5740000000005,0.02,0.02
13.04.2021 09:42:04.881 GMT+0100,3479.508,3476.5740000000005,0.02,0.02
13.04.2021 09:42:04.931 GMT+0100,3481.221,3476.738,0.02,0.02
13.04.2021 09:42:06.778 GMT+0100,3480.5490000000004,3475.697,0.02,0.02
13.04.2021 09:42:22.712 GMT+0100,3481.508,3476.738,0.02,0.02
13.04.2021 09:42:23.328 GMT+0100,3481.303,3478,0.02,0.0075
13.04.2021 09:42:24.745 GMT+0100,3481.5490000000004,3478.697,0.02,0.02
13.04.2021 09:42:24.903 GMT+0100,3482.303,3477.6150000000002,0.02,0.02
13.04.2021 09:42:24.953 GMT+0100,3482.5490000000004,3478.7790000000005,0.02,0.02
13.04.2021 09:42:25.723 GMT+0100,3481,3478.6150000000002,0.0075,0.02
13.04.2021 09:42:26.907 GMT+0100,3482.385,3478.492,0.02,0.02
13.04.2021 09:42:42.593 GMT+0100,3481.1800000000003,3478.451,0.0075,0.02
13.04.2021 09:43:32.789 GMT+0100,3483,3478.656,0.02,0.02
13.04.2021 09:43:32.871 GMT+0100,3483.385,3479.492,0.02,0.0075
13.04.2021 09:43:32.972 GMT+0100,3484.467,3479.656,0.02,0.02
13.04.2021 09:43:33.153 GMT+0100,3484.1800000000003,3480.6150000000002,0.02,0.0075
13.04.2021 09:43:34.286 GMT+0100,3483.221,3480.6150000000002,0.0075,0.0075
13.04.2021 09:43:34.336 GMT+0100,3483.467,3478.697,0.02,0.02
13.04.2021 09:43:34.387 GMT+0100,3484.385,3479.738,0.02,0.02
13.04.2021 09:43:35.269 GMT+0100,3483.303,3479.738,0.0075,0.0075
13.04.2021 09:43:35.319 GMT+0100,3483,3478.738,0.02,0.02
13.04.2021 09:43:35.425 GMT+0100,3484.508,3478.82,0.02,0.02
13.04.2021 09:43:35.872 GMT+0100,3484.303,3479.82,0.02,0.0075
13.04.2021 09:44:05.556 GMT+0100,3484.221,3481.738,0.02,0.0075
13.04.2021 09:44:05.656 GMT+0100,3487.303,3483.7790000000005,0.02,0.02
13.04.2021 09:44:05.707 GMT+0100,3486,3481.5740000000005,0.02,0.02
13.04.2021 09:44:10.993 GMT+0100,3485.262,3481.656,0.0075,0.0075
13.04.2021 09:44:11.043 GMT+0100,3485.262,3481,0.02,0.02
13.04.2021 09:44:11.093 GMT+0100,3485.262,3482,0.02,0.02
13.04.2021 09:44:48.811 GMT+0100,3486.467,3482,0.02,0.02
13.04.2021 09:45:22.500 GMT+0100,3485.303,3481.6150000000002,0.02,0.02
13.04.2021 09:45:35.872 GMT+0100,3486,3481.697,0.02,0.02
13.04.2021 09:46:03.192 GMT+0100,3487.467,3482.82,0.02,0.02
13.04.2021 09:46:03.303 GMT+0100,3488,3484,0.02,0.02
13.04.2021 09:46:03.437 GMT+0100,3488.508,3485.7790000000005,0.02,0.02
13.04.2021 09:46:12.110 GMT+0100,3489.1800000000003,3485.492,0.02,0.02
13.04.2021 09:46:12.668 GMT+0100,3489.3440000000005,3487,0.02,0.0075
13.04.2021 09:46:14.509 GMT+0100,3489.1800000000003,3487.6150000000002,0.02,0.0075
13.04.2021 09:46:29.594 GMT+0100,3491.221,3487.6150000000002,0.02,0.02
13.04.2021 09:46:34.264 GMT+0100,3491.426,3488.492,0.0075,0.0075
13.04.2021 09:46:34.315 GMT+0100,3492.1800000000003,3488.697,0.02,0.02
13.04.2021 09:46:34.582 GMT+0100,3494.5490000000004,3488.82,0.02,0.02
13.04.2021 09:46:59.175 GMT+0100,3494.385,3490.697,0.02,0.02
13.04.2021 09:46:59.293 GMT+0100,3494,3489.738,0.02,0.02
13.04.2021 09:47:00.170 GMT+0100,3494.5490000000004,3490.533,0.02,0.02
13.04.2021 09:47:04.668 GMT+0100,3494.426,3491.738,0.02,0.02
13.04.2021 09:47:06.153 GMT+0100,3495.1800000000003,3491.738,0.02,0.02
13.04.2021 09:47:07.020 GMT+0100,3494.262,3491.7790000000005,0.0075,0.02
13.04.2021 09:47:13.994 GMT+0100,3493.467,3490.533,0.02,0.02
13.04.2021 09:47:14.153 GMT+0100,3494.262,3490.451,0.02,0.02
13.04.2021 09:47:34.522 GMT+0100,3495.508,3490.6150000000002,0.02,0.02
13.04.2021 09:47:35.530 GMT+0100,3496.303,3491.6150000000002,0.02,0.02
13.04.2021 09:47:35.827 GMT+0100,3495,3490.82,0.02,0.02
13.04.2021 09:47:37.312 GMT+0100,3496.262,3491,0.02,0.02
13.04.2021 09:47:45.509 GMT+0100,3496.385,3491.5740000000005,0.02,0.02
13.04.2021 09:47:45.560 GMT+0100,3497.1800000000003,3491.697,0.02,0.02
13.04.2021 09:47:48.532 GMT+0100,3496.385,3492,0.0075,0.0075
13.04.2021 09:47:48.583 GMT+0100,3496.3440000000005,3490.6150000000002,0.02,0.02
13.04.2021 09:47:52.861 GMT+0100,3495,3490.492,0.0075,0.02
13.04.2021 09:47:53.157 GMT+0100,3496.221,3490.656,0.02,0.02
13.04.2021 09:47:58.151 GMT+0100,3496.3440000000005,3491.738,0.02,0.0075
13.04.2021 09:48:07.321 GMT+0100,3496.426,3492.738,0.02,0.0075
13.04.2021 09:48:07.997 GMT+0100,3496.5490000000004,3493.492,0.0075,0.0075
13.04.2021 09:48:08.047 GMT+0100,3497.262,3493.6150000000002,0.02,0.02
13.04.2021 09:48:12.371 GMT+0100,3498.1800000000003,3494,0.02,0.02
13.04.2021 09:48:15.294 GMT+0100,3497.467,3493.697,0.0075,0.02
13.04.2021 09:48:53.217 GMT+0100,3498.385,3493.6150000000002,0.02,0.02
13.04.2021 09:48:53.529 GMT+0100,3498.385,3495.533,0.0075,0.0075
13.04.2021 09:48:53.579 GMT+0100,3500.1800000000003,3495.5740000000005,0.02,0.02
13.04.2021 09:48:56.169 GMT+0100,3500.1800000000003,3494.697,0.02,0.02
13.04.2021 09:48:56.359 GMT+0100,3500.426,3495.5740000000005,0.02,0.02
13.04.2021 09:48:58.631 GMT+0100,3500.1800000000003,3497.492,0.02,0.02
13.04.2021 09:49:04.890 GMT+0100,3500.5490000000004,3495.6150000000002,0.02,0.02
13.04.2021 09:49:12.997 GMT+0100,3499.5490000000004,3493.451,0.02,0.02
13.04.2021 09:49:13.064 GMT+0100,3497.385,3493.697,0.0075,0.02
13.04.2021 09:49:13.165 GMT+0100,3497.1800000000003,3494.492,0.02,0.02
13.04.2021 09:49:13.215 GMT+0100,3498.221,3494.492,0.02,0.02
13.04.2021 09:50:10.745 GMT+0100,3497.5490000000004,3493.82,0.02,0.02
13.04.2021 09:50:10.795 GMT+0100,3496,3490.451,0.02,0.02
13.04.2021 09:50:14.819 GMT+0100,3497.262,3492.492,0.02,0.02
13.04.2021 09:50:14.984 GMT+0100,3495.221,3492.492,0.0075,0.02
13.04.2021 09:50:20.044 GMT+0100,3495.262,3492,0.02,0.02
13.04.2021 09:50:25.256 GMT+0100,3495.3440000000005,3493.6150000000002,0.02,0.0075
13.04.2021 09:50:27.067 GMT+0100,3495.467,3491.738,0.02,0.02
13.04.2021 09:50:28.479 GMT+0100,3495.385,3493.697,0.02,0.0075
13.04.2021 09:51:07.123 GMT+0100,3495.467,3491.738,0.02,0.02
13.04.2021 09:51:15.958 GMT+0100,3495.508,3492.492,0.02,0.0075
13.04.2021 09:51:53.276 GMT+0100,3495.221,3493.738,0.0075,0.0075
13.04.2021 09:51:53.327 GMT+0100,3497.262,3493.656,0.02,0.02
13.04.2021 09:51:53.852 GMT+0100,3497.221,3492.656,0.02,0.02
13.04.2021 09:52:07.219 GMT+0100,3497,3493.451,0.02,0.02
13.04.2021 09:52:35.316 GMT+0100,3493.3440000000005,3489,0.02,0.02
13.04.2021 09:52:35.416 GMT+0100,3493.303,3489.7790000000005,0.02,0.02
13.04.2021 09:52:35.467 GMT+0100,3494.467,3489.5740000000005,0.02,0.02
13.04.2021 09:52:37.316 GMT+0100,3494.221,3490.451,0.02,0.0075
13.04.2021 09:52:39.343 GMT+0100,3495.385,3490.656,0.02,0.02
13.04.2021 09:52:41.257 GMT+0100,3494.426,3490.451,0.02,0.02
13.04.2021 09:52:48.335 GMT+0100,3493.221,3490.738,0.02,0.02
13.04.2021 09:52:49.433 GMT+0100,3493.5490000000004,3491.7790000000005,0.02,0.0075
13.04.2021 09:52:57.102 GMT+0100,3494.1800000000003,3491.5740000000005,0.02,0.02
13.04.2021 09:53:32.654 GMT+0100,3494.467,3490,0.02,0.02
13.04.2021 09:53:43.470 GMT+0100,3493.303,3489.533,0.0075,0.02
13.04.2021 09:53:43.571 GMT+0100,3494.262,3489.82,0.02,0.02
13.04.2021 09:53:44.969 GMT+0100,3494.303,3490.5740000000005,0.02,0.0075
13.04.2021 09:53:45.330 GMT+0100,3494.5490000000004,3491.82,0.02,0.0075
13.04.2021 09:53:45.380 GMT+0100,3494.5490000000004,3490.5740000000005,0.02,0.02
13.04.2021 09:54:11.157 GMT+0100,3493.385,3490.5740000000005,0.02,0.02
13.04.2021 09:54:11.291 GMT+0100,3494.303,3490.492,0.02,0.02
13.04.2021 09:54:19.845 GMT+0100,3493.426,3490.738,0.0075,0.02
13.04.2021 09:54:19.961 GMT+0100,3494.303,3490.6150000000002,0.02,0.02
13.04.2021 09:54:20.103 GMT+0100,3493.508,3490.6150000000002,0.02,0.02
13.04.2021 09:54:20.206 GMT+0100,3494.303,3490.6150000000002,0.02,0.02
13.04.2021 09:54:25.864 GMT+0100,3493.1800000000003,3491,0.0075,0.02
13.04.2021 09:54:51.946 GMT+0100,3495.3440000000005,3490.656,0.02,0.02
13.04.2021 09:54:52.453 GMT+0100,3495.385,3491.492,0.02,0.0075
13.04.2021 09:55:06.551 GMT+0100,3495.1800000000003,3490.7790000000005,0.02,0.02
13.04.2021 09:55:45.883 GMT+0100,3495.1800000000003,3491.533,0.02,0.02
13.04.2021 09:55:46.480 GMT+0100,3495.385,3492.82,0.0075,0.02
13.04.2021 09:55:46.531 GMT+0100,3496.385,3492.6150000000002,0.02,0.02
13.04.2021 09:55:47.109 GMT+0100,3495,3492.738,0.0075,0.0075
13.04.2021 09:55:47.160 GMT+0100,3495.262,3491.492,0.02,0.02
13.04.2021 09:55:49.158 GMT+0100,3495.3440000000005,3491,0.02,0.02
13.04.2021 09:55:52.556 GMT+0100,3493.221,3490.533,0.02,0.02
13.04.2021 09:56:02.842 GMT+0100,3493.303,3488.451,0.02,0.02
13.04.2021 09:56:07.795 GMT+0100,3492.1800000000003,3486.492,0.02,0.02
13.04.2021 09:56:07.856 GMT+0100,3492.221,3487.492,0.02,0.02
13.04.2021 09:56:08.136 GMT+0100,3493.3440000000005,3487.533,0.02,0.02
13.04.2021 09:56:08.186 GMT+0100,3493.3440000000005,3488.451,0.02,0.02
13.04.2021 09:56:10.292 GMT+0100,3493.426,3489.492,0.02,0.02
13.04.2021 09:56:10.856 GMT+0100,3493.3440000000005,3490.533,0.02,0.0075
13.04.2021 09:57:16.531 GMT+0100,3494.1800000000003,3490.533,0.01,0.01
13.04.2021 09:57:17.433 GMT+0100,3496.508,3493.82,0.02,0.0075
13.04.2021 09:57:56.794 GMT+0100,3496.262,3491.533,0.02,0.02
13.04.2021 09:57:59.052 GMT+0100,3495.3440000000005,3492,0.02,0.02
13.04.2021 09:58:06.817 GMT+0100,3495.508,3493.492,0.02,0.0075
13.04.2021 09:58:08.118 GMT+0100,3493.3440000000005,3490.697,0.02,0.02
13.04.2021 09:58:59.401 GMT+0100,3492.3440000000005,3489.533,0.02,0.02
13.04.2021 09:59:06.200 GMT+0100,3492.5490000000004,3488.738,0.02,0.02
13.04.2021 09:59:07.857 GMT+0100,3492.426,3489.697,0.02,0.02
13.04.2021 09:59:09.064 GMT+0100,3491.262,3489.656,0.0075,0.02
13.04.2021 10:00:07.918 GMT+0100,3492.385,3489.533,0.02,0.02
13.04.2021 10:00:23.368 GMT+0100,3492.303,3490.7790000000005,0.02,0.0075
13.04.2021 10:00:27.762 GMT+0100,3493.508,3490.451,0.02,0.02
13.04.2021 10:00:52.870 GMT+0100,3493.426,3491.492,0.02,0.0075
13.04.2021 10:01:11.853 GMT+0100,3495.467,3491.5740000000005,0.02,0.02
13.04.2021 10:01:11.965 GMT+0100,3495.1800000000003,3492.451,0.02,0.0075
13.04.2021 10:02:07.744 GMT+0100,3494.508,3492.82,0.0075,0.0075
13.04.2021 10:02:07.794 GMT+0100,3494.303,3491.738,0.02,0.02
13.04.2021 10:02:11.592 GMT+0100,3495.262,3491.738,0.02,0.02
13.04.2021 10:02:31.252 GMT+0100,3495.426,3492.451,0.02,0.0075
13.04.2021 10:03:50.319 GMT+0100,3494,3492.533,0.02,0.02
13.04.2021 10:04:28.075 GMT+0100,3495.1800000000003,3492.656,0.02,0.02
13.04.2021 10:04:49.911 GMT+0100,3497.303,3492.492,0.02,0.02
13.04.2021 10:04:50.763 GMT+0100,3496.1800000000003,3492.7790000000005,0.02,0.02
13.04.2021 10:04:51.736 GMT+0100,3497.5490000000004,3492.697,0.02,0.02
13.04.2021 10:04:51.958 GMT+0100,3496.221,3493,0.0075,0.02
13.04.2021 10:05:35.658 GMT+0100,3495.1800000000003,3492.451,0.0075,0.02
13.04.2021 10:07:27.103 GMT+0100,3496.221,3493,0.02,0.02
13.04.2021 10:07:28.119 GMT+0100,3496.3440000000005,3493.738,0.02,0.02
13.04.2021 10:07:28.170 GMT+0100,3498.3440000000005,3493.6150000000002,0.02,0.02
13.04.2021 10:07:28.593 GMT+0100,3498.221,3495.656,0.02,0.0075
13.04.2021 10:07:29.630 GMT+0100,3499.262,3495.492,0.02,0.02
13.04.2021 10:07:29.688 GMT+0100,3498.303,3495.492,0.0075,0.02
13.04.2021 10:08:01.614 GMT+0100,3498.467,3496.656,0.02,0.0075
13.04.2021 10:08:01.665 GMT+0100,3499.303,3496.82,0.02,0.02
13.04.2021 10:08:01.765 GMT+0100,3501.221,3496.6150000000002,0.02,0.02
13.04.2021 10:08:02.106 GMT+0100,3501.3440000000005,3497.6150000000002,0.02,0.0075
13.04.2021 10:08:02.556 GMT+0100,3500.426,3497.492,0.02,0.02
13.04.2021 10:09:17.634 GMT+0100,3501.385,3497.7790000000005,0.02,0.02
13.04.2021 10:09:17.762 GMT+0100,3500.385,3497.5740000000005,0.0075,0.02
13.04.2021 10:09:20.017 GMT+0100,3500.467,3498.6150000000002,0.02,0.0075
13.04.2021 10:09:21.046 GMT+0100,3500.221,3497.7790000000005,0.02,0.02
13.04.2021 10:09:35.528 GMT+0100,3500.426,3498.5740000000005,0.02,0.0075
13.04.2021 10:09:35.628 GMT+0100,3501.426,3498.82,0.02,0.02
13.04.2021 10:10:14.708 GMT+0100,3504.467,3501.451,0.02,0.02
13.04.2021 10:10:14.860 GMT+0100,3503,3502,0.0075,0.0075
13.04.2021 10:10:14.910 GMT+0100,3503.221,3498.451,0.02,0.02
13.04.2021 10:10:17.576 GMT+0100,3502.3440000000005,3498.492,0.0075,0.02
13.04.2021 10:10:18.868 GMT+0100,3500.508,3498.451,0.0075,0.02
13.04.2021 10:10:41.203 GMT+0100,3502.467,3498.697,0.02,0.02
13.04.2021 10:11:00.842 GMT+0100,3501.303,3498.7790000000005,0.0075,0.02
13.04.2021 10:11:20.611 GMT+0100,3501.221,3497.5740000000005,0.02,0.02
13.04.2021 10:11:49.856 GMT+0100,3500.1800000000003,3497.7790000000005,0.0075,0.02
13.04.2021 10:11:59.712 GMT+0100,3501.508,3497.697,0.02,0.02
13.04.2021 10:12:09.693 GMT+0100,3500.508,3497.5740000000005,0.02,0.02
13.04.2021 10:12:11.660 GMT+0100,3499,3497.738,0.0075,0.0075
13.04.2021 10:12:11.711 GMT+0100,3499.262,3495.697,0.02,0.02
13.04.2021 10:12:13.764 GMT+0100,3499.467,3497.7790000000005,0.0075,0.0075
13.04.2021 10:12:13.815 GMT+0100,3500.426,3497.451,0.02,0.02
13.04.2021 10:12:13.958 GMT+0100,3499.426,3497.492,0.0075,0.0075
13.04.2021 10:12:14.008 GMT+0100,3499,3495.451,0.02,0.02
13.04.2021 10:12:14.662 GMT+0100,3498.508,3495.6150000000002,0.0075,0.02
13.04.2021 10:12:26.004 GMT+0100,3497.221,3495.82,0.0075,0.02
13.04.2021 10:12:43.095 GMT+0100,3500.5490000000004,3495.451,0.02,0.02
13.04.2021 10:12:52.732 GMT+0100,3500.1800000000003,3496.738,0.0075,0.0075
13.04.2021 10:12:52.783 GMT+0100,3501.1800000000003,3496.492,0.02,0.02
13.04.2021 10:12:54.002 GMT+0100,3501.3440000000005,3497.738,0.02,0.0075
13.04.2021 10:12:54.314 GMT+0100,3502.303,3497.5740000000005,0.02,0.02
13.04.2021 10:12:56.664 GMT+0100,3502.221,3499.656,0.02,0.0075
13.04.2021 10:13:00.758 GMT+0100,3502.5490000000004,3498.82,0.02,0.02
13.04.2021 10:13:30.594 GMT+0100,3502.303,3499.6150000000002,0.02,0.0075
13.04.2021 10:13:30.694 GMT+0100,3502.303,3498.492,0.02,0.02
13.04.2021 10:13:48.081 GMT+0100,3502.467,3499.7790000000005,0.02,0.0075
13.04.2021 10:13:49.340 GMT+0100,3502.385,3500.656,0.02,0.0075
13.04.2021 10:14:22.155 GMT+0100,3501.426,3499.533,0.02,0.02
13.04.2021 10:14:39.963 GMT+0100,3503.1800000000003,3500.738,0.02,0.02
13.04.2021 10:14:41.058 GMT+0100,3503.5490000000004,3500,0.02,0.02
13.04.2021 10:15:04.456 GMT+0100,3502.1800000000003,3499.7790000000005,0.0075,0.0075
13.04.2021 10:15:04.506 GMT+0100,3502.1800000000003,3497.697,0.02,0.02
13.04.2021 10:15:04.733 GMT+0100,3502.508,3498.656,0.02,0.0075
13.04.2021 10:15:36.136 GMT+0100,3502.508,3500.82,0.0075,0.0075
13.04.2021 10:15:36.187 GMT+0100,3503.508,3500.656,0.02,0.02
13.04.2021 10:15:36.384 GMT+0100,3504.262,3500.5740000000005,0.02,0.02
13.04.2021 10:15:37.269 GMT+0100,3503.303,3498.492,0.02,0.02
13.04.2021 10:15:38.024 GMT+0100,3502.385,3498.451,0.02,0.02
13.04.2021 10:15:50.081 GMT+0100,3501.426,3498.451,0.02,0.02
13.04.2021 10:15:50.189 GMT+0100,3502.3440000000005,3498.451,0.02,0.02
13.04.2021 10:16:21.453 GMT+0100,3502.426,3499.738,0.02,0.0075
13.04.2021 10:16:31.946 GMT+0100,3503.385,3499.533,0.02,0.02
13.04.2021 10:16:41.560 GMT+0100,3502.385,3499.5740000000005,0.02,0.02
13.04.2021 10:17:21.706 GMT+0100,3503.1800000000003,3499.533,0.02,0.02
13.04.2021 10:17:27.286 GMT+0100,3502.467,3499.656,0.0075,0.02
13.04.2021 10:18:37.961 GMT+0100,3501.467,3498.6150000000002,0.02,0.02
13.04.2021 10:18:38.012 GMT+0100,3501.508,3498,0.02,0.02
13.04.2021 10:18:38.112 GMT+0100,3501.5490000000004,3496.5740000000005,0.02,0.02
13.04.2021 10:18:44.767 GMT+0100,3500.508,3496.6150000000002,0.02,0.02
13.04.2021 10:18:47.660 GMT+0100,3500.1800000000003,3497.656,0.02,0.0075
13.04.2021 10:19:20.738 GMT+0100,3500.5490000000004,3495.82,0.02,0.02
13.04.2021 10:19:25.056 GMT+0100,3500.1800000000003,3497,0.02,0.0075
13.04.2021 10:19:49.672 GMT+0100,3500.426,3495.5740000000005,0.02,0.02
13.04.2021 10:19:55.308 GMT+0100,3500.5490000000004,3496.451,0.02,0.0075
13.04.2021 10:20:35.525 GMT+0100,3500.5490000000004,3497.451,0.02,0.0075
13.04.2021 10:20:35.656 GMT+0100,3500.5490000000004,3498.5740000000005,0.0075,0.0075
13.04.2021 10:20:35.707 GMT+0100,3502.5490000000004,3498.656,0.02,0.02
13.04.2021 10:20:35.808 GMT+0100,3502.5490000000004,3497.82,0.02,0.02
13.04.2021 10:20:35.911 GMT+0100,3502,3498.492,0.02,0.02
13.04.2021 10:20:36.537 GMT+0100,3502.385,3499.492,0.02,0.02
13.04.2021 10:21:34.488 GMT+0100,3502.221,3500.738,0.0075,0.0075
13.04.2021 10:21:34.539 GMT+0100,3503.1800000000003,3500.82,0.02,0.02
13.04.2021 10:21:34.663 GMT+0100,3503.508,3499.656,0.02,0.02
13.04.2021 10:21:35.968 GMT+0100,3503.1800000000003,3500.533,0.02,0.0075
13.04.2021 10:21:54.325 GMT+0100,3504.467,3500.5740000000005,0.02,0.02
13.04.2021 10:21:54.762 GMT+0100,3503.262,3500.738,0.0075,0.02
13.04.2021 10:22:27.365 GMT+0100,3503,3502,0.02,0.0075
13.04.2021 10:22:27.798 GMT+0100,3504.508,3501.451,0.02,0.02
13.04.2021 10:22:27.856 GMT+0100,3505.426,3501.738,0.02,0.02
13.04.2021 10:22:56.637 GMT+0100,3504.385,3502,0.0075,0.02
13.04.2021 10:23:07.468 GMT+0100,3503.3440000000005,3501.7790000000005,0.0075,0.0075
13.04.2021 10:23:07.518 GMT+0100,3503.467,3500.656,0.02,0.02
13.04.2021 10:23:16.375 GMT+0100,3502.1800000000003,3500.492,0.0075,0.02
13.04.2021 10:23:25.214 GMT+0100,3502.221,3499.7790000000005,0.02,0.02
13.04.2021 10:23:30.650 GMT+0100,3501.426,3499.7790000000005,0.0075,0.02
13.04.2021 10:24:20.855 GMT+0100,3500.385,3499.25,0.0075,0.0075
13.04.2021 10:24:20.905 GMT+0100,3500.5490000000004,3495.656,0.02,0.02
13.04.2021 10:24:27.835 GMT+0100,3499.508,3495.533,0.0075,0.02
13.04.2021 10:24:42.834 GMT+0100,3499.5490000000004,3496.5740000000005,0.02,0.0075
13.04.2021 10:24:42.934 GMT+0100,3499.262,3496,0.02,0.02
13.04.2021 10:25:18.452 GMT+0100,3498.3440000000005,3495.697,0.0075,0.02
13.04.2021 10:25:26.167 GMT+0100,3497.221,3492.656,0.02,0.02
13.04.2021 10:25:26.218 GMT+0100,3495.3440000000005,3490.451,0.02,0.02
13.04.2021 10:25:26.625 GMT+0100,3495.467,3489.6150000000002,0.02,0.02
13.04.2021 10:25:26.675 GMT+0100,3494.508,3489.6150000000002,0.02,0.02
13.04.2021 10:25:28.044 GMT+0100,3494.426,3490.7790000000005,0.02,0.0075
13.04.2021 10:25:29.024 GMT+0100,3493.467,3490.738,0.0075,0.02
13.04.2021 10:25:35.475 GMT+0100,3495.303,3493,0.02,0.02
13.04.2021 10:25:35.526 GMT+0100,3497.3440000000005,3492.656,0.02,0.02
13.04.2021 10:25:43.700 GMT+0100,3496.385,3492.5740000000005,0.0075,0.02
13.04.2021 10:25:50.172 GMT+0100,3495.467,3490.533,0.02,0.02
13.04.2021 10:25:50.323 GMT+0100,3496.467,3490.656,0.02,0.02
13.04.2021 10:25:50.852 GMT+0100,3496.1800000000003,3492.738,0.02,0.02
13.04.2021 10:26:05.753 GMT+0100,3495.262,3490.82,0.02,0.02
13.04.2021 10:26:05.804 GMT+0100,3494.303,3490.82,0.02,0.02
13.04.2021 10:26:05.974 GMT+0100,3494.5490000000004,3489.492,0.02,0.02
13.04.2021 10:26:07.409 GMT+0100,3494.1800000000003,3491.6150000000002,0.02,0.0075
13.04.2021 10:26:30.221 GMT+0100,3493,3491.697,0.02,0.02
13.04.2021 10:28:23.626 GMT+0100,3490.508,3486,0.02,0.02
13.04.2021 10:28:23.677 GMT+0100,3490.5490000000004,3486.451,0.02,0.02
13.04.2021 10:28:38.084 GMT+0100,3490.221,3487.6150000000002,0.0075,0.0075
13.04.2021 10:28:38.135 GMT+0100,3491,3487.738,0.02,0.02
13.04.2021 10:28:38.192 GMT+0100,3491.426,3486.5740000000005,0.02,0.02
13.04.2021 10:28:44.656 GMT+0100,3491.508,3487.533,0.02,0.02
13.04.2021 10:28:45.168 GMT+0100,3490.385,3487.656,0.02,0.02
13.04.2021 10:29:16.421 GMT+0100,3490.508,3489.656,0.0075,0.0075
13.04.2021 10:29:16.471 GMT+0100,3493.303,3489.82,0.02,0.02
13.04.2021 10:29:16.521 GMT+0100,3492.303,3489,0.02,0.02
13.04.2021 10:29:18.971 GMT+0100,3491,3488.82,0.0075,0.0075
13.04.2021 10:29:19.021 GMT+0100,3491.385,3487.82,0.02,0.02
13.04.2021 10:29:56.166 GMT+0100,3490,3487.82,0.0075,0.02
13.04.2021 10:30:08.234 GMT+0100,3489.1800000000003,3486.5740000000005,0.02,0.02
13.04.2021 10:30:08.284 GMT+0100,3490.1800000000003,3486.82,0.02,0.02
13.04.2021 10:30:17.486 GMT+0100,3489.262,3486.533,0.0075,0.02
13.04.2021 10:30:26.485 GMT+0100,3488.426,3486.738,0.0075,0.02
13.04.2021 10:30:28.091 GMT+0100,3487.467,3481.6150000000002,0.02,0.02
13.04.2021 10:30:28.452 GMT+0100,3486.3440000000005,3481.533,0.0075,0.02
13.04.2021 10:30:32.732 GMT+0100,3486.1800000000003,3482.656,0.0075,0.0075
13.04.2021 10:30:32.782 GMT+0100,3487.3440000000005,3482.656,0.02,0.02
13.04.2021 10:30:34.460 GMT+0100,3487.303,3484,0.0075,0.0075
13.04.2021 10:30:34.511 GMT+0100,3488.385,3483.697,0.02,0.02
13.04.2021 10:30:34.805 GMT+0100,3487.3440000000005,3482.738,0.02,0.02
13.04.2021 10:30:56.536 GMT+0100,3486.5490000000004,3482.82,0.0075,0.02
13.04.2021 10:31:15.259 GMT+0100,3486.262,3481.656,0.02,0.02
13.04.2021 10:31:17.833 GMT+0100,3486.385,3482.451,0.02,0.0075
13.04.2021 10:31:26.643 GMT+0100,3487.221,3482.451,0.02,0.02
13.04.2021 10:31:26.694 GMT+0100,3485.3440000000005,3481.6150000000002,0.02,0.02
13.04.2021 10:31:43.342 GMT+0100,3485.385,3482.7790000000005,0.02,0.02
13.04.2021 10:31:54.456 GMT+0100,3485.5490000000004,3483.533,0.02,0.0075
13.04.2021 10:32:20.249 GMT+0100,3485.5490000000004,3481.738,0.02,0.02
13.04.2021 10:32:24.644 GMT+0100,3484.262,3481.738,0.0075,0.0075
13.04.2021 10:32:24.694 GMT+0100,3484.467,3480.451,0.02,0.02
13.04.2021 10:32:25.798 GMT+0100,3484.385,3482.492,0.02,0.0075
13.04.2021 10:32:29.171 GMT+0100,3484,3480.451,0.02,0.02
13.04.2021 10:32:29.221 GMT+0100,3483.303,3479.492,0.02,0.02
13.04.2021 10:32:32.469 GMT+0100,3483.426,3481.6150000000002,0.0075,0.0075
13.04.2021 10:32:32.519 GMT+0100,3484.1800000000003,3481.7790000000005,0.02,0.02
13.04.2021 10:32:34.025 GMT+0100,3485.5490000000004,3482.533,0.02,0.02
13.04.2021 10:32:34.076 GMT+0100,3485.385,3482,0.02,0.02
13.04.2021 10:32:36.137 GMT+0100,3485.262,3482.82,0.02,0.02
13.04.2021 10:34:14.187 GMT+0100,3485.508,3483.533,0.0075,0.0075
13.04.2021 10:34:14.237 GMT+0100,3487,3482.6150000000002,0.02,0.02
13.04.2021 10:34:14.288 GMT+0100,3486.262,3482.697,0.02,0.02
13.04.2021 10:34:21.193 GMT+0100,3485.221,3482.697,0.0075,0.02
13.04.2021 10:34:21.355 GMT+0100,3486.5490000000004,3482.82,0.02,0.02
13.04.2021 10:34:34.200 GMT+0100,3487.5490000000004,3482.451,0.02,0.02
13.04.2021 10:34:55.420 GMT+0100,3487.262,3483.656,0.0075,0.0075
13.04.2021 10:34:55.470 GMT+0100,3488.262,3483.6150000000002,0.02,0.02
13.04.2021 10:34:56.453 GMT+0100,3488.221,3484.7790000000005,0.02,0.0075
13.04.2021 10:35:18.419 GMT+0100,3488.3440000000005,3485.738,0.0075,0.0075
13.04.2021 10:35:18.469 GMT+0100,3490.1800000000003,3485.6150000000002,0.02,0.02
13.04.2021 10:35:19.741 GMT+0100,3490.508,3486.533,0.02,0.0075
13.04.2021 10:35:20.787 GMT+0100,3490.385,3488.492,0.0075,0.0075
13.04.2021 10:35:20.837 GMT+0100,3492.385,3488.451,0.02,0.02
13.04.2021 10:35:20.888 GMT+0100,3492.385,3487.5740000000005,0.02,0.02
13.04.2021 10:35:21.084 GMT+0100,3491.303,3487.82,0.0075,0.02
13.04.2021 10:35:22.208 GMT+0100,3491,3488.533,0.0075,0.0075
13.04.2021 10:35:22.258 GMT+0100,3493.385,3488.492,0.02,0.02
13.04.2021 10:35:22.512 GMT+0100,3493.3440000000005,3490.451,0.02,0.02
13.04.2021 10:35:38.081 GMT+0100,3492.426,3490.533,0.0075,0.0075
13.04.2021 10:35:38.131 GMT+0100,3493.508,3489.6150000000002,0.02,0.02
13.04.2021 10:35:51.860 GMT+0100,3493.3440000000005,3490.533,0.02,0.02
13.04.2021 10:36:12.793 GMT+0100,3493.467,3491.533,0.0075,0.0075
13.04.2021 10:36:12.844 GMT+0100,3495.3440000000005,3491.492,0.02,0.02
13.04.2021 10:36:14.892 GMT+0100,3497.5490000000004,3492.533,0.02,0.02
13.04.2021 10:36:16.064 GMT+0100,3496.303,3492.7790000000005,0.0075,0.02
13.04.2021 10:36:16.961 GMT+0100,3496,3493.656,0.02,0.02
13.04.2021 10:36:28.019 GMT+0100,3497.467,3495.5740000000005,0.02,0.02
13.04.2021 10:36:28.130 GMT+0100,3498.426,3493.533,0.02,0.02
13.04.2021 10:36:28.752 GMT+0100,3498.262,3494.82,0.0075,0.0075
13.04.2021 10:36:28.803 GMT+0100,3499.508,3494.533,0.02,0.02
13.04.2021 10:36:35.452 GMT+0100,3499.508,3495.82,0.02,0.0075
13.04.2021 10:36:38.064 GMT+0100,3500.508,3495.492,0.02,0.02
13.04.2021 10:36:38.856 GMT+0100,3499.426,3495.656,0.0075,0.02
13.04.2021 10:37:32.504 GMT+0100,3498.385,3495.6150000000002,0.02,0.02
13.04.2021 10:37:32.639 GMT+0100,3499.303,3495.7790000000005,0.02,0.02
13.04.2021 10:37:59.541 GMT+0100,3498.262,3495.5740000000005,0.0075,0.02
13.04.2021 10:37:59.737 GMT+0100,3499.3440000000005,3496,0.02,0.02
13.04.2021 10:38:00.761 GMT+0100,3498.1800000000003,3495.7790000000005,0.0075,0.02
13.04.2021 10:40:19.393 GMT+0100,3498.303,3493.5740000000005,0.02,0.02
13.04.2021 10:40:20.380 GMT+0100,3496.221,3493.738,0.02,0.02
13.04.2021 10:40:24.161 GMT+0100,3496.426,3494.5740000000005,0.02,0.0075
13.04.2021 10:40:39.327 GMT+0100,3498.303,3494.6150000000002,0.02,0.02
13.04.2021 10:40:44.256 GMT+0100,3498.1800000000003,3495.5740000000005,0.02,0.0075
13.04.2021 10:40:53.089 GMT+0100,3498.385,3496.697,0.02,0.0075
13.04.2021 10:40:57.532 GMT+0100,3498.262,3496,0.02,0.02
13.04.2021 10:41:14.510 GMT+0100,3497.303,3495.533,0.0075,0.02
13.04.2021 10:41:14.560 GMT+0100,3497.221,3494.82,0.02,0.02
13.04.2021 10:41:14.668 GMT+0100,3498.3440000000005,3494.7790000000005,0.02,0.02
13.04.2021 10:41:17.453 GMT+0100,3498.385,3495.492,0.02,0.02
13.04.2021 10:41:54.406 GMT+0100,3498.221,3496.451,0.02,0.02
13.04.2021 10:41:56.615 GMT+0100,3498.3440000000005,3497.82,0.0075,0.0075
13.04.2021 10:41:56.665 GMT+0100,3500.508,3497.492,0.02,0.02
13.04.2021 10:41:57.057 GMT+0100,3501.508,3497.7790000000005,0.02,0.02
13.04.2021 10:41:57.108 GMT+0100,3502.303,3497.82,0.02,0.02
13.04.2021 10:41:59.364 GMT+0100,3501.426,3497.738,0.0075,0.0075
13.04.2021 10:41:59.415 GMT+0100,3501.467,3496.533,0.02,0.02
13.04.2021 10:42:00.761 GMT+0100,3501.1800000000003,3497.6150000000002,0.02,0.0075
13.04.2021 10:42:02.848 GMT+0100,3500.262,3496.533,0.02,0.02
13.04.2021 10:42:11.085 GMT+0100,3499.221,3496.7790000000005,0.0075,0.02
13.04.2021 10:42:11.979 GMT+0100,3500.467,3496.5740000000005,0.02,0.02
13.04.2021 10:44:03.860 GMT+0100,3499.385,3496.697,0.0075,0.02
13.04.2021 10:44:04.336 GMT+0100,3500.221,3496.82,0.02,0.02
13.04.2021 10:44:43.795 GMT+0100,3499.5490000000004,3496.738,0.0075,0.02
13.04.2021 10:44:54.106 GMT+0100,3498.467,3496.451,0.02,0.02
13.04.2021 10:45:00.079 GMT+0100,3498.262,3494.738,0.02,0.02
13.04.2021 10:45:01.691 GMT+0100,3497.3440000000005,3494.656,0.0075,0.02
13.04.2021 10:45:03.899 GMT+0100,3497.385,3493.533,0.02,0.02
13.04.2021 10:45:26.598 GMT+0100,3496.385,3493.533,0.0075,0.02
13.04.2021 10:45:45.192 GMT+0100,3495.221,3491.738,0.02,0.02
13.04.2021 10:45:46.081 GMT+0100,3493.1800000000003,3491.7790000000005,0.0075,0.0075
13.04.2021 10:45:46.131 GMT+0100,3493.303,3489.492,0.02,0.02
13.04.2021 10:45:49.302 GMT+0100,3494.385,3489.6150000000002,0.02,0.02
13.04.2021 10:45:52.756 GMT+0100,3492.467,3489.492,0.0075,0.02
13.04.2021 10:45:54.700 GMT+0100,3492.1800000000003,3490.533,0.02,0.0075
13.04.2021 10:45:59.355 GMT+0100,3490.385,3487.6150000000002,0.02,0.02
13.04.2021 10:46:02.263 GMT+0100,3490.426,3486.5740000000005,0.02,0.02
13.04.2021 10:46:02.314 GMT+0100,3490.1800000000003,3484.533,0.02,0.02
13.04.2021 10:46:02.414 GMT+0100,3488.262,3484.738,0.02,0.02
13.04.2021 10:46:10.443 GMT+0100,3488.385,3483.451,0.02,0.02
13.04.2021 10:46:17.733 GMT+0100,3486.262,3483.697,0.0075,0.02
13.04.2021 10:46:32.790 GMT+0100,3486,3483,0.02,0.02
13.04.2021 10:46:36.464 GMT+0100,3486.508,3483.533,0.02,0.0075
13.04.2021 10:46:52.332 GMT+0100,3488.1800000000003,3483.738,0.02,0.02
13.04.2021 10:46:54.397 GMT+0100,3488.303,3484.738,0.02,0.0075
13.04.2021 10:46:58.350 GMT+0100,3488.303,3483.7790000000005,0.02,0.02
13.04.2021 10:46:58.400 GMT+0100,3486,3482.533,0.02,0.02
13.04.2021 10:46:59.066 GMT+0100,3485.262,3482.7790000000005,0.0075,0.02
13.04.2021 10:46:59.167 GMT+0100,3486.508,3481.738,0.02,0.02
13.04.2021 10:46:59.860 GMT+0100,3485.426,3481.5740000000005,0.02,0.02
13.04.2021 10:47:01.892 GMT+0100,3485.5490000000004,3482.492,0.0075,0.0075
13.04.2021 10:47:01.942 GMT+0100,3486.385,3482.82,0.02,0.02
13.04.2021 10:47:31.431 GMT+0100,3485.5490000000004,3482.697,0.0075,0.0075
13.04.2021 10:47:31.481 GMT+0100,3485.426,3481.492,0.02,0.02
13.04.2021 10:47:31.532 GMT+0100,3486,3481.5740000000005,0.02,0.02
13.04.2021 10:47:31.897 GMT+0100,3486,3482.82,0.02,0.02
13.04.2021 10:47:31.998 GMT+0100,3484.467,3479.6150000000002,0.02,0.02
13.04.2021 10:47:32.868 GMT+0100,3483,3479.697,0.0075,0.02
13.04.2021 10:47:50.742 GMT+0100,3483.303,3480.697,0.02,0.02
13.04.2021 10:47:53.353 GMT+0100,3483.385,3479.451,0.02,0.02
13.04.2021 10:47:57.286 GMT+0100,3483.467,3480.82,0.02,0.0075
13.04.2021 10:47:58.609 GMT+0100,3486.426,3482.492,0.02,0.02
13.04.2021 10:47:58.660 GMT+0100,3485.426,3481.492,0.02,0.02
13.04.2021 10:47:58.806 GMT+0100,3486.262,3481.492,0.02,0.02
13.04.2021 10:48:03.701 GMT+0100,3485.3440000000005,3481.656,0.0075,0.02
13.04.2021 10:48:03.802 GMT+0100,3485.221,3480.5740000000005,0.02,0.02
13.04.2021 10:48:04.838 GMT+0100,3485,3481.451,0.02,0.0075
13.04.2021 10:48:11.982 GMT+0100,3485.262,3480.533,0.02,0.02
13.04.2021 10:48:14.260 GMT+0100,3485.5490000000004,3481.656,0.02,0.0075
13.04.2021 10:48:14.556 GMT+0100,3485.1800000000003,3480.451,0.02,0.02
13.04.2021 10:48:17.453 GMT+0100,3484.262,3480.451,0.0075,0.02
13.04.2021 10:48:17.554 GMT+0100,3485.262,3480.6150000000002,0.02,0.02
13.04.2021 10:48:18.676 GMT+0100,3484.221,3480.492,0.0075,0.02
13.04.2021 10:48:20.473 GMT+0100,3483.221,3480.738,0.02,0.02
13.04.2021 10:48:26.548 GMT+0100,3483.1800000000003,3479.738,0.02,0.02
13.04.2021 10:48:29.549 GMT+0100,3483.467,3480.533,0.02,0.0075
13.04.2021 10:48:35.522 GMT+0100,3483.5490000000004,3478.738,0.02,0.02
13.04.2021 10:48:39.163 GMT+0100,3483.508,3477.6150000000002,0.02,0.02
13.04.2021 10:48:39.214 GMT+0100,3482.3440000000005,3477.5740000000005,0.02,0.02
13.04.2021 10:48:39.772 GMT+0100,3481.5490000000004,3477.533,0.02,0.02
13.04.2021 10:48:40.332 GMT+0100,3480.508,3477.6150000000002,0.0075,0.02
13.04.2021 10:48:41.123 GMT+0100,3481.5490000000004,3477.82,0.02,0.02
13.04.2021 10:48:50.893 GMT+0100,3481.303,3479.451,0.0075,0.0075
13.04.2021 10:48:50.943 GMT+0100,3483.221,3479.6150000000002,0.02,0.02
13.04.2021 10:48:52.007 GMT+0100,3483.426,3479,0.02,0.02
13.04.2021 10:48:52.391 GMT+0100,3482.303,3479,0.0075,0.02
13.04.2021 10:48:52.492 GMT+0100,3482.303,3477.5740000000005,0.02,0.02
13.04.2021 10:48:53.398 GMT+0100,3481.1800000000003,3477.533,0.0075,0.02
13.04.2021 10:48:57.746 GMT+0100,3482.3440000000005,3477.492,0.02,0.02
13.04.2021 10:49:11.410 GMT+0100,3481.508,3477.697,0.0075,0.02
13.04.2021 10:49:11.511 GMT+0100,3482.508,3477.6150000000002,0.02,0.02
13.04.2021 10:49:17.404 GMT+0100,3482,3478.656,0.02,0.02
13.04.2021 10:49:20.621 GMT+0100,3483.1800000000003,3478.656,0.02,0.02
13.04.2021 10:49:23.406 GMT+0100,3482.385,3478.533,0.0075,0.02
13.04.2021 10:49:41.775 GMT+0100,3483.221,3479.656,0.02,0.02
13.04.2021 10:49:41.876 GMT+0100,3483.1800000000003,3480.492,0.02,0.02
13.04.2021 10:49:42.649 GMT+0100,3484.426,3480.656,0.02,0.02
13.04.2021 10:49:42.700 GMT+0100,3485.508,3480.451,0.02,0.02
13.04.2021 10:49:43.310 GMT+0100,3485.5490000000004,3481.5740000000005,0.02,0.02
13.04.2021 10:49:54.502 GMT+0100,3484.3440000000005,3481.738,0.02,0.02
13.04.2021 10:49:58.682 GMT+0100,3485.1800000000003,3482,0.02,0.02
13.04.2021 10:50:36.604 GMT+0100,3484.1800000000003,3481.5740000000005,0.0075,0.02
13.04.2021 10:51:04.559 GMT+0100,3483.262,3479.697,0.02,0.02
13.04.2021 10:51:07.377 GMT+0100,3483.221,3481.6150000000002,0.02,0.0075
13.04.2021 10:51:18.765 GMT+0100,3483.426,3480.697,0.02,0.02
13.04.2021 10:51:20.857 GMT+0100,3483.5490000000004,3481.697,0.0075,0.0075
13.04.2021 10:51:20.907 GMT+0100,3484.508,3481.7790000000005,0.02,0.02
13.04.2021 10:51:21.327 GMT+0100,3484.3440000000005,3480.5740000000005,0.02,0.02
13.04.2021 10:51:21.643 GMT+0100,3484.303,3481.82,0.02,0.0075
13.04.2021 10:51:21.794 GMT+0100,3487.508,3482.5740000000005,0.02,0.02
13.04.2021 10:51:25.758 GMT+0100,3487.508,3483.7790000000005,0.02,0.0075
13.04.2021 10:52:14.796 GMT+0100,3485.385,3483.7790000000005,0.0075,0.02
13.04.2021 10:52:54.501 GMT+0100,3485.1800000000003,3482.656,0.02,0.02
13.04.2021 10:52:56.257 GMT+0100,3485.221,3483.6150000000002,0.02,0.0075
13.04.2021 10:53:19.580 GMT+0100,3487.426,3483.492,0.02,0.02
13.04.2021 10:53:35.655 GMT+0100,3486.3440000000005,3483.697,0.0075,0.02
13.04.2021 10:54:04.017 GMT+0100,3485.5490000000004,3483.656,0.0075,0.02
13.04.2021 10:54:04.068 GMT+0100,3484.3440000000005,3479.492,0.02,0.02
13.04.2021 10:54:05.068 GMT+0100,3484.508,3480.82,0.0075,0.0075
13.04.2021 10:54:05.119 GMT+0100,3485.426,3481,0.02,0.02
13.04.2021 10:54:21.101 GMT+0100,3484.303,3480.7790000000005,0.0075,0.02
13.04.2021 10:54:23.505 GMT+0100,3485.467,3480.656,0.02,0.02
13.04.2021 10:54:24.264 GMT+0100,3484.467,3480.656,0.0075,0.02
13.04.2021 10:54:57.052 GMT+0100,3485,3481.5740000000005,0.02,0.02
13.04.2021 10:54:57.103 GMT+0100,3486.385,3481.82,0.02,0.02
13.04.2021 10:54:57.163 GMT+0100,3485.1800000000003,3481.533,0.0075,0.02
13.04.2021 10:54:57.268 GMT+0100,3484.426,3482,0.02,0.0075
13.04.2021 10:54:57.319 GMT+0100,3485.508,3480.451,0.02,0.02
13.04.2021 10:55:39.277 GMT+0100,3485.385,3481.697,0.02,0.02
13.04.2021 10:56:41.151 GMT+0100,3484.3440000000005,3481.6150000000002,0.0075,0.02
13.04.2021 10:57:24.534 GMT+0100,3484.508,3483,0.0075,0.0075
13.04.2021 10:57:24.584 GMT+0100,3487.3440000000005,3482.82,0.02,0.02
13.04.2021 10:57:26.105 GMT+0100,3487.426,3483.656,0.02,0.0075
13.04.2021 10:57:29.776 GMT+0100,3487,3484.7790000000005,0.0075,0.0075
13.04.2021 10:57:29.826 GMT+0100,3490.426,3487.738,0.02,0.02
13.04.2021 10:57:29.876 GMT+0100,3490,3485.82,0.02,0.02
13.04.2021 10:57:29.927 GMT+0100,3488.467,3483.492,0.02,0.02
13.04.2021 10:57:30.795 GMT+0100,3486.1800000000003,3483.697,0.02,0.02
13.04.2021 10:57:31.114 GMT+0100,3487.1800000000003,3483.6150000000002,0.02,0.02
13.04.2021 10:57:51.611 GMT+0100,3488.5490000000004,3483.7790000000005,0.02,0.02
13.04.2021 10:58:00.530 GMT+0100,3487.3440000000005,3483.451,0.0075,0.02
13.04.2021 10:58:38.234 GMT+0100,3486.508,3484,0.0075,0.02
13.04.2021 10:58:38.284 GMT+0100,3485.426,3481.656,0.02,0.02
13.04.2021 10:58:38.392 GMT+0100,3485.5490000000004,3482.82,0.02,0.02
13.04.2021 10:58:39.445 GMT+0100,3485.426,3481.492,0.02,0.02
13.04.2021 10:58:41.068 GMT+0100,3485.5490000000004,3482.6150000000002,0.02,0.0075
13.04.2021 10:58:50.441 GMT+0100,3485,3481.492,0.02,0.02
13.04.2021 10:58:55.405 GMT+0100,3485.385,3482.533,0.02,0.0075
13.04.2021 10:59:00.400 GMT+0100,3484.3440000000005,3482.697,0.0075,0.02
13.04.2021 10:59:00.501 GMT+0100,3484.221,3481.451,0.02,0.02
13.04.2021 10:59:04.480 GMT+0100,3484.467,3482.6150000000002,0.02,0.0075
13.04.2021 10:59:06.016 GMT+0100,3484.508,3481.82,0.02,0.02
13.04.2021 10:59:11.044 GMT+0100,3482.303,3478.697,0.02,0.02
13.04.2021 10:59:11.095 GMT+0100,3483.1800000000003,3478.5740000000005,0.02,0.02
13.04.2021 10:59:11.363 GMT+0100,3483.1800000000003,3480.656,0.02,0.0075
13.04.2021 10:59:11.413 GMT+0100,3483.1800000000003,3478.738,0.02,0.02
13.04.2021 10:59:19.123 GMT+0100,3483.508,3480,0.02,0.0075
13.04.2021 10:59:19.819 GMT+0100,3483.385,3480.656,0.02,0.0075
13.04.2021 10:59:21.134 GMT+0100,3484.303,3480.492,0.02,0.02
13.04.2021 10:59:27.651 GMT+0100,3484.3440000000005,3481.451,0.02,0.0075
13.04.2021 11:00:13.934 GMT+0100,3484.3440000000005,3479.451,0.02,0.02
13.04.2021 11:00:20.468 GMT+0100,3484.426,3480.697,0.02,0.0075
13.04.2021 11:00:25.625 GMT+0100,3483.303,3480.451,0.02,0.02
13.04.2021 11:00:29.164 GMT+0100,3482.508,3480.533,0.0075,0.02
13.04.2021 11:00:32.242 GMT+0100,3484.1800000000003,3481,0.02,0.02
13.04.2021 11:00:47.049 GMT+0100,3483.426,3480.738,0.0075,0.02
13.04.2021 11:01:10.151 GMT+0100,3485.262,3480.533,0.02,0.02
13.04.2021 11:01:10.945 GMT+0100,3485.303,3481.82,0.02,0.02
13.04.2021 11:01:10.996 GMT+0100,3486.3440000000005,3481.738,0.02,0.02
13.04.2021 11:01:11.153 GMT+0100,3486.303,3483.738,0.02,0.02
13.04.2021 11:01:44.863 GMT+0100,3486.508,3481.82,0.02,0.02
13.04.2021 11:01:47.076 GMT+0100,3486.467,3482.533,0.02,0.0075
13.04.2021 11:02:01.112 GMT+0100,3486,3482,0.02,0.02
13.04.2021 11:02:08.168 GMT+0100,3486.303,3483.5740000000005,0.02,0.0075
13.04.2021 11:02:11.252 GMT+0100,3485.303,3483.492,0.0075,0.02
13.04.2021 11:02:56.069 GMT+0100,3486.262,3483.738,0.02,0.02
13.04.2021 11:02:56.309 GMT+0100,3487,3483.82,0.02,0.02
13.04.2021 11:02:56.359 GMT+0100,3485,3483.7790000000005,0.02,0.02
13.04.2021 11:03:50.603 GMT+0100,3484.426,3483.451,0.0075,0.0075
13.04.2021 11:03:50.653 GMT+0100,3484.3440000000005,3481.5740000000005,0.02,0.02
13.04.2021 11:03:57.097 GMT+0100,3483.221,3479.492,0.02,0.02
13.04.2021 11:04:01.928 GMT+0100,3483.467,3480.451,0.0075,0.0075
13.04.2021 11:04:02.083 GMT+0100,3484.467,3480.533,0.02,0.02
13.04.2021 11:04:20.158 GMT+0100,3485.3440000000005,3480.451,0.02,0.02
13.04.2021 11:04:20.208 GMT+0100,3484.1800000000003,3480.451,0.02,0.02
13.04.2021 11:04:20.309 GMT+0100,3484.508,3481.492,0.02,0.02
13.04.2021 11:04:20.360 GMT+0100,3486.508,3481.7790000000005,0.02,0.02
13.04.2021 11:04:20.604 GMT+0100,3485.3440000000005,3481.82,0.0075,0.02
13.04.2021 11:05:02.222 GMT+0100,3486,3481.492,0.02,0.02
13.04.2021 11:05:02.272 GMT+0100,3485.262,3481.6150000000002,0.02,0.02
13.04.2021 11:05:04.969 GMT+0100,3484.221,3481.697,0.0075,0.0075
13.04.2021 11:05:05.020 GMT+0100,3483,3478.738,0.02,0.02
13.04.2021 11:05:06.123 GMT+0100,3483,3479.451,0.02,0.0075
13.04.2021 11:05:06.558 GMT+0100,3482.467,3479.7790000000005,0.0075,0.02
13.04.2021 11:05:10.593 GMT+0100,3482.508,3481.738,0.0075,0.0075
13.04.2021 11:05:10.644 GMT+0100,3483.1800000000003,3481.533,0.02,0.02
13.04.2021 11:05:11.301 GMT+0100,3485.508,3481.738,0.02,0.02
13.04.2021 11:05:30.336 GMT+0100,3484,3481.7790000000005,0.0075,0.0075
13.04.2021 11:05:30.386 GMT+0100,3484.1800000000003,3481,0.02,0.02
13.04.2021 11:05:35.528 GMT+0100,3485.262,3480.492,0.02,0.02
13.04.2021 11:05:35.578 GMT+0100,3485.508,3481.738,0.02,0.02
13.04.2021 11:05:36.547 GMT+0100,3485.508,3484.5,0.0075,0.0075
13.04.2021 11:05:36.597 GMT+0100,3487.508,3483.6150000000002,0.02,0.02
13.04.2021 11:05:37.971 GMT+0100,3487.303,3484.697,0.02,0.02
13.04.2021 11:05:46.208 GMT+0100,3487.221,3482.451,0.02,0.02
13.04.2021 11:05:46.984 GMT+0100,3487.262,3484.492,0.02,0.02
13.04.2021 11:05:51.270 GMT+0100,3487.1800000000003,3483,0.02,0.02
13.04.2021 11:05:52.976 GMT+0100,3487,3484.5740000000005,0.02,0.0075
13.04.2021 11:06:32.858 GMT+0100,3486.426,3484.533,0.0075,0.02
13.04.2021 11:06:32.908 GMT+0100,3487.1800000000003,3484.738,0.02,0.02
13.04.2021 11:06:35.055 GMT+0100,3486.5490000000004,3483,0.02,0.02
13.04.2021 11:06:48.452 GMT+0100,3486.1800000000003,3483.451,0.02,0.0075
13.04.2021 11:06:58.943 GMT+0100,3486.426,3484.451,0.02,0.0075
13.04.2021 11:07:22.837 GMT+0100,3487.221,3484.6150000000002,0.02,0.02
13.04.2021 11:07:22.888 GMT+0100,3488.426,3484.5740000000005,0.02,0.02
13.04.2021 11:07:23.652 GMT+0100,3487.5490000000004,3484.492,0.0075,0.02
13.04.2021 11:08:06.896 GMT+0100,3487.5490000000004,3485.7790000000005,0.02,0.02
13.04.2021 11:08:15.168 GMT+0100,3486,3485.533,0.0075,0.0075
13.04.2021 11:08:15.218 GMT+0100,3486.1800000000003,3484.82,0.02,0.02
13.04.2021 11:08:17.903 GMT+0100,3487.262,3483,0.02,0.02
13.04.2021 11:08:18.022 GMT+0100,3486.303,3483,0.0075,0.02
13.04.2021 11:08:18.123 GMT+0100,3484.303,3480.656,0.02,0.02
13.04.2021 11:08:18.574 GMT+0100,3482.303,3480.451,0.0075,0.02
13.04.2021 11:08:18.675 GMT+0100,3483,3480.738,0.02,0.02
13.04.2021 11:08:27.982 GMT+0100,3484.426,3481,0.02,0.02
13.04.2021 11:08:54.627 GMT+0100,3483.221,3480.82,0.0075,0.02
13.04.2021 11:09:00.967 GMT+0100,3484.303,3480.738,0.02,0.02
13.04.2021 11:09:23.969 GMT+0100,3483.303,3480.82,0.0075,0.02
13.04.2021 11:11:08.215 GMT+0100,3484.467,3480.738,0.02,0.02
13.04.2021 11:11:08.805 GMT+0100,3486.3440000000005,3482.738,0.02,0.0075
13.04.2021 11:11:08.957 GMT+0100,3488.426,3482.697,0.02,0.02
13.04.2021 11:11:09.469 GMT+0100,3488.5490000000004,3483.492,0.02,0.0075
13.04.2021 11:11:09.772 GMT+0100,3487.385,3483.738,0.0075,0.02
13.04.2021 11:11:59.601 GMT+0100,3486,3483.738,0.0075,0.02
13.04.2021 11:11:59.652 GMT+0100,3487.508,3483.656,0.02,0.02
13.04.2021 11:12:11.463 GMT+0100,3487.221,3484.451,0.02,0.0075
13.04.2021 11:12:20.521 GMT+0100,3487.221,3483.492,0.02,0.02
13.04.2021 11:12:23.461 GMT+0100,3487.426,3484.492,0.02,0.02
13.04.2021 11:12:27.216 GMT+0100,3487.1800000000003,3484,0.02,0.02
13.04.2021 11:12:31.456 GMT+0100,3487.262,3484.7790000000005,0.02,0.0075
13.04.2021 11:12:35.516 GMT+0100,3487.508,3483.7790000000005,0.02,0.02
13.04.2021 11:13:11.673 GMT+0100,3486.508,3484,0.0075,0.02
13.04.2021 11:13:25.642 GMT+0100,3486.303,3484.82,0.02,0.0075
13.04.2021 11:13:25.743 GMT+0100,3486.385,3483.82,0.02,0.02
13.04.2021 11:13:47.975 GMT+0100,3484.385,3483.492,0.0075,0.0075
13.04.2021 11:13:48.026 GMT+0100,3484.508,3481,0.02,0.02
13.04.2021 11:13:48.324 GMT+0100,3483,3480.451,0.0075,0.02
13.04.2021 11:13:50.426 GMT+0100,3484.221,3480.697,0.02,0.02
13.04.2021 11:14:02.287 GMT+0100,3483.508,3480.738,0.0075,0.02
13.04.2021 11:14:07.336 GMT+0100,3484.467,3480.656,0.02,0.02
13.04.2021 11:14:10.403 GMT+0100,3485,3481.656,0.02,0.02
13.04.2021 11:14:10.514 GMT+0100,3486.221,3481.7790000000005,0.02,0.02
13.04.2021 11:14:11.511 GMT+0100,3486.303,3482.738,0.02,0.0075
13.04.2021 11:14:13.572 GMT+0100,3486.303,3483.451,0.02,0.0075
13.04.2021 11:15:12.783 GMT+0100,3486.303,3484.533,0.02,0.02
13.04.2021 11:15:26.629 GMT+0100,3488.262,3484.656,0.02,0.02
13.04.2021 11:15:26.771 GMT+0100,3487.385,3484.451,0.0075,0.02
13.04.2021 11:15:40.589 GMT+0100,3487.5490000000004,3483.82,0.02,0.02
13.04.2021 11:16:06.215 GMT+0100,3486.426,3483.451,0.0075,0.02
13.04.2021 11:16:21.155 GMT+0100,3485.221,3483.5740000000005,0.02,0.02
13.04.2021 11:16:23.962 GMT+0100,3485.262,3481.82,0.02,0.02
13.04.2021 11:16:24.120 GMT+0100,3484.1800000000003,3480.451,0.02,0.02
13.04.2021 11:16:25.735 GMT+0100,3485.508,3480.451,0.02,0.02
13.04.2021 11:16:27.056 GMT+0100,3485.303,3481.697,0.02,0.02
13.04.2021 11:16:38.744 GMT+0100,3484.5490000000004,3481.6150000000002,0.0075,0.02
13.04.2021 11:17:00.886 GMT+0100,3485.467,3481.451,0.02,0.02
13.04.2021 11:17:04.989 GMT+0100,3484.262,3481.5740000000005,0.02,0.02
13.04.2021 11:17:14.803 GMT+0100,3483.1800000000003,3480.533,0.02,0.02
13.04.2021 11:17:41.487 GMT+0100,3484.385,3480.738,0.02,0.02
13.04.2021 11:17:57.239 GMT+0100,3483.385,3480.82,0.0075,0.02
13.04.2021 11:18:00.281 GMT+0100,3482.385,3480.6150000000002,0.0075,0.02
13.04.2021 11:20:56.802 GMT+0100,3482.3440000000005,3480,0.01,0.01
13.04.2021 11:20:56.902 GMT+0100,3481.467,3480,0.02,0.02
13.04.2021 11:21:03.402 GMT+0100,3483.385,3479.492,0.02,0.02
13.04.2021 11:21:05.517 GMT+0100,3483.221,3480.738,0.02,0.0075
13.04.2021 11:21:15.064 GMT+0100,3483.5490000000004,3481.6150000000002,0.02,0.0075
13.04.2021 11:21:15.269 GMT+0100,3483.221,3480.738,0.02,0.02
13.04.2021 11:21:16.052 GMT+0100,3483.303,3481.492,0.02,0.0075
13.04.2021 11:21:16.984 GMT+0100,3483.25,3482.82,0.0075,0.0075
13.04.2021 11:21:17.034 GMT+0100,3485.508,3482.451,0.02,0.02
