Local time,Ask,Bid,AskVolume,BidVolume
12.04.2021 08:00:11.840 GMT+0100,3480.303,3451.492,0.02,0.02
12.04.2021 08:00:11.941 GMT+0100,3480,3461.82,0.02,0.02
12.04.2021 08:00:12.168 GMT+0100,3470.385,3461.738,0.0075,0.02
12.04.2021 08:00:12.979 GMT+0100,3472.221,3461.492,0.02,0.02
12.04.2021 08:00:13.528 GMT+0100,3472.5490000000004,3466.738,0.0075,0.0075
12.04.2021 08:00:13.579 GMT+0100,3479.303,3466.533,0.02,0.02
12.04.2021 08:00:15.992 GMT+0100,3479.508,3464.7790000000005,0.02,0.02
12.04.2021 08:00:16.946 GMT+0100,3479.1800000000003,3466.697,0.0075,0.0075
12.04.2021 08:00:16.997 GMT+0100,3481.467,3466.451,0.02,0.02
12.04.2021 08:00:19.182 GMT+0100,3481.221,3467.533,0.02,0.0075
12.04.2021 08:00:19.917 GMT+0100,3481.467,3468.492,0.0075,0.0075
12.04.2021 08:00:19.967 GMT+0100,3483.1800000000003,3469,0.02,0.02
12.04.2021 08:00:27.194 GMT+0100,3483.303,3467.738,0.02,0.02
12.04.2021 08:00:32.997 GMT+0100,3483,3469.738,0.02,0.0075
12.04.2021 08:00:36.063 GMT+0100,3480.303,3463.7790000000005,0.02,0.02
12.04.2021 08:00:41.896 GMT+0100,3480.5490000000004,3462.7790000000005,0.02,0.02
12.04.2021 08:00:42.467 GMT+0100,3479.262,3460.656,0.02,0.02
12.04.2021 08:00:42.517 GMT+0100,3479.303,3462,0.02,0.02
12.04.2021 08:00:42.567 GMT+0100,3480,3461.533,0.02,0.02
12.04.2021 08:00:44.042 GMT+0100,3474.221,3461.533,0.0075,0.02
12.04.2021 08:00:44.092 GMT+0100,3471,3452.492,0.02,0.02
12.04.2021 08:00:44.152 GMT+0100,3465.221,3452.451,0.0075,0.02
12.04.2021 08:00:44.558 GMT+0100,3465.467,3450.7790000000005,0.02,0.02
12.04.2021 08:00:49.274 GMT+0100,3472.508,3453.7790000000005,0.02,0.02
12.04.2021 08:00:49.365 GMT+0100,3469.303,3453.656,0.0075,0.02
12.04.2021 08:00:59.452 GMT+0100,3468.303,3453.7790000000005,0.0075,0.02
12.04.2021 08:01:01.774 GMT+0100,3467.508,3453.533,0.0075,0.02
12.04.2021 08:01:04.023 GMT+0100,3466.221,3451.5740000000005,0.02,0.02
12.04.2021 08:01:10.355 GMT+0100,3465.262,3451.82,0.02,0.02
12.04.2021 08:01:10.456 GMT+0100,3464.221,3451.7790000000005,0.02,0.02
12.04.2021 08:01:10.520 GMT+0100,3465.5490000000004,3451.533,0.02,0.02
12.04.2021 08:01:11.219 GMT+0100,3473,3451.533,0.02,0.02
12.04.2021 08:01:11.270 GMT+0100,3466.3440000000005,3453.738,0.02,0.02
12.04.2021 08:01:12.433 GMT+0100,3466.467,3452.6150000000002,0.02,0.02
12.04.2021 08:01:12.621 GMT+0100,3464,3448.451,0.02,0.02
12.04.2021 08:01:12.671 GMT+0100,3462.262,3448.492,0.02,0.02
12.04.2021 08:01:12.772 GMT+0100,3460.221,3448.451,0.02,0.02
12.04.2021 08:01:12.822 GMT+0100,3471.426,3452.5740000000005,0.02,0.02
12.04.2021 08:01:12.873 GMT+0100,3467.303,3451.451,0.02,0.02
12.04.2021 08:01:13.544 GMT+0100,3471.221,3452.5740000000005,0.02,0.02
12.04.2021 08:01:20.404 GMT+0100,3471.426,3451.6150000000002,0.02,0.02
12.04.2021 08:01:23.295 GMT+0100,3470.262,3451.697,0.02,0.02
12.04.2021 08:01:23.440 GMT+0100,3470.3440000000005,3456.6150000000002,0.02,0.0075
12.04.2021 08:01:26.248 GMT+0100,3473.385,3456.656,0.02,0.02
12.04.2021 08:01:26.312 GMT+0100,3471.426,3456.451,0.0075,0.02
12.04.2021 08:01:26.582 GMT+0100,3473,3456.533,0.02,0.02
12.04.2021 08:01:27.333 GMT+0100,3474.303,3456.492,0.02,0.02
12.04.2021 08:01:31.704 GMT+0100,3473,3456.492,0.0075,0.02
12.04.2021 08:01:33.023 GMT+0100,3473.262,3454.656,0.02,0.02
12.04.2021 08:01:34.929 GMT+0100,3467.262,3454.7790000000005,0.0075,0.02
12.04.2021 08:01:38.260 GMT+0100,3467.3440000000005,3453.7790000000005,0.02,0.02
12.04.2021 08:01:42.145 GMT+0100,3466.5490000000004,3453.738,0.02,0.02
12.04.2021 08:01:50.407 GMT+0100,3465,3453.5740000000005,0.02,0.02
12.04.2021 08:02:00.367 GMT+0100,3464.385,3453.5740000000005,0.0075,0.02
12.04.2021 08:02:03.623 GMT+0100,3464,3455.697,0.0075,0.0075
12.04.2021 08:02:03.673 GMT+0100,3474.262,3458.492,0.02,0.02
12.04.2021 08:02:03.984 GMT+0100,3474.5490000000004,3458,0.02,0.02
12.04.2021 08:02:04.213 GMT+0100,3474,3458.82,0.0075,0.0075
12.04.2021 08:02:04.263 GMT+0100,3477.3440000000005,3458.6150000000002,0.02,0.02
12.04.2021 08:02:04.712 GMT+0100,3474.262,3458.6150000000002,0.0075,0.02
12.04.2021 08:02:05.288 GMT+0100,3474.1800000000003,3458,0.02,0.02
12.04.2021 08:02:05.339 GMT+0100,3469,3457.7790000000005,0.02,0.02
12.04.2021 08:02:08.100 GMT+0100,3469.303,3456.533,0.02,0.02
12.04.2021 08:02:08.151 GMT+0100,3467.5490000000004,3456.82,0.0075,0.02
12.04.2021 08:02:13.297 GMT+0100,3467.467,3458.451,0.02,0.02
12.04.2021 08:02:16.552 GMT+0100,3467.262,3461.82,0.02,0.02
12.04.2021 08:02:16.742 GMT+0100,3472.303,3461.492,0.02,0.02
12.04.2021 08:02:23.429 GMT+0100,3469.426,3461.697,0.0075,0.0075
12.04.2021 08:02:23.479 GMT+0100,3470.262,3453.697,0.02,0.02
12.04.2021 08:02:23.732 GMT+0100,3470,3462.7790000000005,0.02,0.0075
12.04.2021 08:02:23.782 GMT+0100,3463.467,3454,0.02,0.02
12.04.2021 08:02:24.021 GMT+0100,3463.1800000000003,3458.533,0.02,0.02
12.04.2021 08:02:24.489 GMT+0100,3470.3440000000005,3458.5740000000005,0.02,0.02
12.04.2021 08:02:24.589 GMT+0100,3469.508,3458.7790000000005,0.02,0.02
12.04.2021 08:02:30.046 GMT+0100,3464.426,3458.738,0.0075,0.02
12.04.2021 08:02:30.165 GMT+0100,3464.467,3454,0.02,0.02
12.04.2021 08:02:39.578 GMT+0100,3467,3453,0.02,0.02
12.04.2021 08:02:39.646 GMT+0100,3467.5490000000004,3453.738,0.02,0.02
12.04.2021 08:02:39.754 GMT+0100,3467.221,3452.7790000000005,0.02,0.02
12.04.2021 08:02:41.740 GMT+0100,3467,3453.697,0.02,0.0075
12.04.2021 08:02:46.994 GMT+0100,3466.426,3453.82,0.0075,0.0075
12.04.2021 08:02:48.159 GMT+0100,3465.303,3452.7790000000005,0.02,0.0075
12.04.2021 08:02:48.209 GMT+0100,3465.467,3451.492,0.02,0.02
12.04.2021 08:02:50.605 GMT+0100,3465.467,3450.738,0.02,0.02
12.04.2021 08:02:50.863 GMT+0100,3464.426,3449.697,0.02,0.02
12.04.2021 08:02:57.058 GMT+0100,3461.385,3448.697,0.02,0.02
12.04.2021 08:02:59.979 GMT+0100,3461.303,3447.697,0.02,0.02
12.04.2021 08:03:00.642 GMT+0100,3460.221,3447.7790000000005,0.0075,0.0075
12.04.2021 08:03:00.693 GMT+0100,3460.508,3446.656,0.02,0.02
12.04.2021 08:03:02.762 GMT+0100,3460.262,3447.82,0.02,0.02
12.04.2021 08:03:03.395 GMT+0100,3459.1800000000003,3447.533,0.02,0.02
12.04.2021 08:03:05.753 GMT+0100,3460,3449,0.02,0.02
12.04.2021 08:03:05.804 GMT+0100,3461.385,3448.656,0.02,0.02
12.04.2021 08:03:05.855 GMT+0100,3461.508,3447.82,0.02,0.02
12.04.2021 08:03:17.535 GMT+0100,3461.1800000000003,3448.697,0.02,0.02
12.04.2021 08:03:17.836 GMT+0100,3461.385,3447.5740000000005,0.02,0.02
12.04.2021 08:03:21.790 GMT+0100,3458.262,3447.5740000000005,0.0075,0.02
12.04.2021 08:03:37.243 GMT+0100,3458,3451.492,0.02,0.0075
12.04.2021 08:03:37.725 GMT+0100,3458.3440000000005,3452.656,0.0075,0.0075
12.04.2021 08:03:37.775 GMT+0100,3464.1800000000003,3452.492,0.02,0.02
12.04.2021 08:03:38.945 GMT+0100,3464.385,3456.738,0.02,0.0075
12.04.2021 08:03:39.508 GMT+0100,3465.303,3457,0.02,0.02
12.04.2021 08:03:41.341 GMT+0100,3466.1800000000003,3456.492,0.02,0.02
12.04.2021 08:03:42.312 GMT+0100,3467.5490000000004,3456.738,0.02,0.02
12.04.2021 08:03:42.963 GMT+0100,3467.508,3459.697,0.02,0.0075
12.04.2021 08:03:43.013 GMT+0100,3468.467,3459.533,0.02,0.02
12.04.2021 08:03:44.878 GMT+0100,3470.3440000000005,3459.451,0.02,0.02
12.04.2021 08:03:44.952 GMT+0100,3469.5490000000004,3459.6150000000002,0.0075,0.02
12.04.2021 08:03:55.588 GMT+0100,3469.3440000000005,3460.656,0.02,0.02
12.04.2021 08:03:56.039 GMT+0100,3469.221,3462.7790000000005,0.02,0.0075
12.04.2021 08:04:12.915 GMT+0100,3472.1800000000003,3462.5740000000005,0.02,0.02
12.04.2021 08:04:12.966 GMT+0100,3474.385,3466.82,0.02,0.02
12.04.2021 08:04:13.016 GMT+0100,3475.467,3466.533,0.02,0.02
12.04.2021 08:04:13.458 GMT+0100,3476.3440000000005,3467,0.02,0.02
12.04.2021 08:04:14.184 GMT+0100,3476.1800000000003,3469,0.02,0.0075
12.04.2021 08:04:15.753 GMT+0100,3472.303,3468.738,0.0075,0.0075
12.04.2021 08:04:15.803 GMT+0100,3472.262,3462.5740000000005,0.02,0.02
12.04.2021 08:04:16.371 GMT+0100,3473.262,3462.656,0.02,0.02
12.04.2021 08:04:21.604 GMT+0100,3472.508,3462.6150000000002,0.0075,0.02
12.04.2021 08:04:23.244 GMT+0100,3472.1800000000003,3461.5740000000005,0.02,0.02
12.04.2021 08:04:23.294 GMT+0100,3471.1800000000003,3461.533,0.02,0.02
12.04.2021 08:04:24.844 GMT+0100,3473,3462.6150000000002,0.02,0.02
12.04.2021 08:04:25.228 GMT+0100,3475.385,3462.82,0.02,0.02
12.04.2021 08:04:26.450 GMT+0100,3475.262,3463.492,0.02,0.02
12.04.2021 08:04:29.208 GMT+0100,3475.221,3465.533,0.02,0.02
12.04.2021 08:04:35.187 GMT+0100,3474.262,3465.451,0.0075,0.02
12.04.2021 08:04:37.416 GMT+0100,3474.262,3469.492,0.02,0.0075
12.04.2021 08:04:49.621 GMT+0100,3473.385,3469.533,0.0075,0.0075
12.04.2021 08:04:49.672 GMT+0100,3473.385,3459.451,0.02,0.02
12.04.2021 08:04:49.722 GMT+0100,3472,3459.697,0.02,0.02
12.04.2021 08:04:50.321 GMT+0100,3473.467,3459.451,0.02,0.02
12.04.2021 08:04:52.621 GMT+0100,3473.262,3461,0.02,0.0075
12.04.2021 08:05:00.368 GMT+0100,3469.1800000000003,3460.492,0.0075,0.02
12.04.2021 08:05:14.440 GMT+0100,3477.508,3465.492,0.02,0.02
12.04.2021 08:05:14.746 GMT+0100,3478.221,3466,0.02,0.02
12.04.2021 08:05:17.430 GMT+0100,3477.262,3465.7790000000005,0.0075,0.02
12.04.2021 08:05:20.681 GMT+0100,3474.262,3466,0.0075,0.02
12.04.2021 08:05:21.357 GMT+0100,3474.1800000000003,3464.7790000000005,0.02,0.02
12.04.2021 08:05:23.686 GMT+0100,3475.508,3464.533,0.02,0.02
12.04.2021 08:05:32.736 GMT+0100,3474.221,3464.533,0.0075,0.0075
12.04.2021 08:05:32.786 GMT+0100,3474.1800000000003,3463.451,0.02,0.02
12.04.2021 08:05:35.067 GMT+0100,3474.221,3464.533,0.02,0.02
12.04.2021 08:05:35.460 GMT+0100,3474.5490000000004,3463.82,0.02,0.02
12.04.2021 08:05:38.166 GMT+0100,3474.303,3464.738,0.02,0.0075
12.04.2021 08:05:42.314 GMT+0100,3475.221,3464.492,0.02,0.02
12.04.2021 08:05:42.875 GMT+0100,3474.262,3464.82,0.0075,0.02
12.04.2021 08:05:45.830 GMT+0100,3474.5490000000004,3463.82,0.02,0.02
12.04.2021 08:05:50.438 GMT+0100,3474,3464.656,0.02,0.0075
12.04.2021 08:05:53.880 GMT+0100,3474.508,3463.492,0.02,0.02
12.04.2021 08:05:58.100 GMT+0100,3474.1800000000003,3464.6150000000002,0.02,0.0075
12.04.2021 08:06:03.755 GMT+0100,3474.3440000000005,3463.6150000000002,0.02,0.02
12.04.2021 08:06:04.904 GMT+0100,3474.221,3464.451,0.02,0.0075
12.04.2021 08:06:05.946 GMT+0100,3474.303,3463.7790000000005,0.02,0.02
12.04.2021 08:06:07.281 GMT+0100,3474.221,3464.7790000000005,0.02,0.0075
12.04.2021 08:06:08.169 GMT+0100,3474.3440000000005,3466.738,0.0075,0.0075
12.04.2021 08:06:08.219 GMT+0100,3475.262,3466.82,0.02,0.02
12.04.2021 08:06:12.865 GMT+0100,3472,3461.82,0.02,0.02
12.04.2021 08:06:13.356 GMT+0100,3470.3440000000005,3461.82,0.0075,0.0075
12.04.2021 08:06:13.406 GMT+0100,3470.221,3460.451,0.02,0.02
12.04.2021 08:06:15.203 GMT+0100,3471.303,3460.6150000000002,0.02,0.02
12.04.2021 08:06:23.791 GMT+0100,3470.5490000000004,3460.492,0.0075,0.02
12.04.2021 08:06:25.253 GMT+0100,3466.221,3458.82,0.0075,0.0075
12.04.2021 08:06:25.303 GMT+0100,3466.1800000000003,3456.697,0.02,0.02
12.04.2021 08:06:25.354 GMT+0100,3467.262,3456.697,0.02,0.02
12.04.2021 08:06:25.539 GMT+0100,3466.426,3456.451,0.02,0.02
12.04.2021 08:06:26.196 GMT+0100,3466,3455.5740000000005,0.02,0.02
12.04.2021 08:06:29.292 GMT+0100,3458.3440000000005,3449,0.02,0.02
12.04.2021 08:06:29.423 GMT+0100,3457.508,3448.492,0.0075,0.0075
12.04.2021 08:06:29.474 GMT+0100,3457.426,3447.7790000000005,0.02,0.02
12.04.2021 08:06:29.583 GMT+0100,3457.385,3448.82,0.0075,0.0075
12.04.2021 08:06:29.633 GMT+0100,3458.508,3447.451,0.02,0.02
12.04.2021 08:06:29.985 GMT+0100,3458.508,3448.5740000000005,0.02,0.0075
12.04.2021 08:06:30.105 GMT+0100,3458.1800000000003,3450.5740000000005,0.0075,0.0075
12.04.2021 08:06:30.156 GMT+0100,3459.385,3450.492,0.02,0.02
12.04.2021 08:06:30.313 GMT+0100,3460.5490000000004,3450.5740000000005,0.02,0.02
12.04.2021 08:06:36.756 GMT+0100,3459.5490000000004,3451,0.02,0.02
12.04.2021 08:06:38.188 GMT+0100,3460.262,3450.738,0.02,0.02
12.04.2021 08:06:41.340 GMT+0100,3458.426,3450.5740000000005,0.0075,0.02
12.04.2021 08:06:42.734 GMT+0100,3457.385,3451,0.0075,0.02
12.04.2021 08:06:46.447 GMT+0100,3459,3450.5740000000005,0.02,0.02
12.04.2021 08:06:46.781 GMT+0100,3460.426,3452.6150000000002,0.02,0.02
12.04.2021 08:06:47.163 GMT+0100,3461.508,3452.7790000000005,0.02,0.02
12.04.2021 08:06:47.213 GMT+0100,3460.221,3452.6150000000002,0.02,0.02
12.04.2021 08:06:49.979 GMT+0100,3461.221,3452.82,0.02,0.02
12.04.2021 08:06:55.822 GMT+0100,3460.3440000000005,3453,0.0075,0.02
12.04.2021 08:07:01.200 GMT+0100,3453.262,3447.5740000000005,0.02,0.02
12.04.2021 08:07:01.250 GMT+0100,3458.385,3449.7790000000005,0.02,0.02
12.04.2021 08:07:01.712 GMT+0100,3456.221,3449.533,0.0075,0.02
12.04.2021 08:07:01.812 GMT+0100,3458.5490000000004,3449.697,0.02,0.02
12.04.2021 08:07:03.349 GMT+0100,3459.426,3449.697,0.02,0.02
12.04.2021 08:07:12.398 GMT+0100,3459.426,3453.492,0.0075,0.0075
12.04.2021 08:07:12.448 GMT+0100,3466.262,3454.5740000000005,0.02,0.02
12.04.2021 08:07:12.708 GMT+0100,3466.508,3455.82,0.02,0.0075
12.04.2021 08:07:15.408 GMT+0100,3464.1800000000003,3455.82,0.02,0.02
12.04.2021 08:07:21.150 GMT+0100,3465.303,3456,0.02,0.02
12.04.2021 08:07:40.300 GMT+0100,3464.508,3455.7790000000005,0.0075,0.02
12.04.2021 08:07:40.601 GMT+0100,3465.508,3454.7790000000005,0.02,0.02
12.04.2021 08:07:45.404 GMT+0100,3465.262,3455.6150000000002,0.02,0.0075
12.04.2021 08:07:45.455 GMT+0100,3467.303,3455.82,0.02,0.02
12.04.2021 08:07:45.794 GMT+0100,3467.303,3456.7790000000005,0.02,0.0075
12.04.2021 08:07:45.925 GMT+0100,3467.467,3458.697,0.0075,0.0075
12.04.2021 08:07:45.975 GMT+0100,3468.221,3458.697,0.02,0.02
12.04.2021 08:07:46.036 GMT+0100,3467.467,3458.738,0.0075,0.02
12.04.2021 08:07:46.137 GMT+0100,3468.262,3459,0.02,0.02
12.04.2021 08:07:46.360 GMT+0100,3468.221,3461.656,0.0075,0.0075
12.04.2021 08:07:46.410 GMT+0100,3469.262,3461.82,0.02,0.02
12.04.2021 08:07:59.293 GMT+0100,3470,3461.656,0.02,0.02
12.04.2021 08:08:04.757 GMT+0100,3471.3440000000005,3461.82,0.02,0.02
12.04.2021 08:08:06.336 GMT+0100,3472.1800000000003,3464.82,0.02,0.02
12.04.2021 08:08:07.482 GMT+0100,3473.3440000000005,3464.5740000000005,0.02,0.02
12.04.2021 08:08:12.772 GMT+0100,3472.5490000000004,3462.656,0.02,0.02
12.04.2021 08:08:12.872 GMT+0100,3472.3440000000005,3461.6150000000002,0.02,0.02
12.04.2021 08:08:13.145 GMT+0100,3472.1800000000003,3462.697,0.02,0.0075
12.04.2021 08:08:13.354 GMT+0100,3472.303,3461.5740000000005,0.02,0.02
12.04.2021 08:08:13.602 GMT+0100,3472.385,3462.6150000000002,0.02,0.0075
12.04.2021 08:08:15.408 GMT+0100,3472,3464.492,0.02,0.0075
12.04.2021 08:08:15.604 GMT+0100,3473.5490000000004,3464.492,0.02,0.02
12.04.2021 08:08:18.429 GMT+0100,3473.262,3465.697,0.02,0.0075
12.04.2021 08:08:23.619 GMT+0100,3475.508,3465.656,0.02,0.02
12.04.2021 08:08:24.268 GMT+0100,3477.262,3465.492,0.02,0.02
12.04.2021 08:08:30.186 GMT+0100,3477.3440000000005,3468.6150000000002,0.0075,0.0075
12.04.2021 08:08:30.236 GMT+0100,3478.467,3468.697,0.02,0.02
12.04.2021 08:08:30.528 GMT+0100,3478.467,3469.6150000000002,0.02,0.0075
12.04.2021 08:08:32.579 GMT+0100,3479.303,3470.697,0.02,0.02
12.04.2021 08:08:33.191 GMT+0100,3482.3440000000005,3471.7790000000005,0.02,0.02
12.04.2021 08:08:35.670 GMT+0100,3480.221,3471.533,0.0075,0.0075
12.04.2021 08:08:35.721 GMT+0100,3480,3470.6150000000002,0.02,0.02
12.04.2021 08:08:59.885 GMT+0100,3480.303,3471.451,0.02,0.0075
12.04.2021 08:08:59.936 GMT+0100,3481.303,3472,0.02,0.02
12.04.2021 08:09:01.637 GMT+0100,3481.3440000000005,3474.533,0.0075,0.0075
12.04.2021 08:09:01.688 GMT+0100,3482.303,3474.492,0.02,0.02
12.04.2021 08:09:01.870 GMT+0100,3483.467,3474.451,0.0075,0.02
12.04.2021 08:09:01.921 GMT+0100,3484,3474.6150000000002,0.02,0.02
12.04.2021 08:09:10.317 GMT+0100,3483.5490000000004,3474.492,0.0075,0.02
12.04.2021 08:09:11.183 GMT+0100,3484,3474.738,0.02,0.02
12.04.2021 08:09:11.693 GMT+0100,3484.5490000000004,3477.6150000000002,0.02,0.0075
12.04.2021 08:09:17.795 GMT+0100,3485.3440000000005,3478,0.02,0.02
12.04.2021 08:09:19.571 GMT+0100,3486.262,3478.697,0.02,0.02
12.04.2021 08:09:25.758 GMT+0100,3486.467,3479.5740000000005,0.02,0.0075
12.04.2021 08:09:25.808 GMT+0100,3487.262,3479.697,0.02,0.02
12.04.2021 08:09:28.750 GMT+0100,3488,3480,0.02,0.02
12.04.2021 08:09:29.155 GMT+0100,3489.467,3479.5740000000005,0.02,0.02
12.04.2021 08:09:29.808 GMT+0100,3489,3481.656,0.02,0.02
12.04.2021 08:09:29.858 GMT+0100,3490.303,3482,0.02,0.02
12.04.2021 08:09:40.615 GMT+0100,3488.508,3481.5740000000005,0.0075,0.0075
12.04.2021 08:09:40.666 GMT+0100,3488.303,3479.533,0.02,0.02
12.04.2021 08:09:43.454 GMT+0100,3486.385,3479.697,0.0075,0.02
12.04.2021 08:09:47.558 GMT+0100,3487.3440000000005,3479.5740000000005,0.02,0.02
12.04.2021 08:09:50.282 GMT+0100,3488.3440000000005,3479.697,0.02,0.02
12.04.2021 08:09:55.716 GMT+0100,3487.262,3479.6150000000002,0.0075,0.02
12.04.2021 08:10:15.104 GMT+0100,3487.467,3480.492,0.0075,0.0075
12.04.2021 08:10:15.154 GMT+0100,3488.3440000000005,3480.492,0.02,0.02
12.04.2021 08:10:25.578 GMT+0100,3488.385,3481.697,0.02,0.0075
12.04.2021 08:10:28.418 GMT+0100,3490.262,3481.82,0.02,0.02
12.04.2021 08:10:29.277 GMT+0100,3492.1800000000003,3481.451,0.02,0.02
12.04.2021 08:10:29.378 GMT+0100,3491.385,3481.656,0.02,0.02
12.04.2021 08:10:31.974 GMT+0100,3492.426,3481.6150000000002,0.02,0.02
12.04.2021 08:10:59.796 GMT+0100,3492.467,3484.5740000000005,0.02,0.02
12.04.2021 08:11:14.135 GMT+0100,3490.385,3484.5740000000005,0.0075,0.02
12.04.2021 08:11:20.354 GMT+0100,3492.262,3484.6150000000002,0.02,0.02
12.04.2021 08:11:35.410 GMT+0100,3494.303,3484.697,0.02,0.02
12.04.2021 08:11:35.752 GMT+0100,3495.385,3486.492,0.02,0.02
12.04.2021 08:11:35.855 GMT+0100,3494.467,3485.82,0.02,0.02
12.04.2021 08:11:36.256 GMT+0100,3495.3440000000005,3485.5740000000005,0.02,0.02
12.04.2021 08:11:43.314 GMT+0100,3496.426,3487.533,0.02,0.0075
12.04.2021 08:11:43.415 GMT+0100,3496.1800000000003,3489,0.02,0.02
12.04.2021 08:11:49.041 GMT+0100,3496.508,3489.7790000000005,0.0075,0.0075
12.04.2021 08:11:49.091 GMT+0100,3497.426,3489.533,0.02,0.02
12.04.2021 08:11:51.789 GMT+0100,3496.426,3490,0.0075,0.02
12.04.2021 08:12:11.196 GMT+0100,3496.385,3490.5740000000005,0.02,0.02
12.04.2021 08:12:14.204 GMT+0100,3496.5490000000004,3488.738,0.02,0.02
12.04.2021 08:12:14.254 GMT+0100,3496,3491.6150000000002,0.02,0.02
12.04.2021 08:12:19.447 GMT+0100,3495.508,3491.492,0.0075,0.02
12.04.2021 08:12:20.989 GMT+0100,3498,3491.656,0.02,0.02
12.04.2021 08:12:22.445 GMT+0100,3499,3492,0.02,0.02
12.04.2021 08:12:23.150 GMT+0100,3500,3491.7790000000005,0.02,0.02
12.04.2021 08:12:23.404 GMT+0100,3501.262,3491.7790000000005,0.02,0.02
12.04.2021 08:12:27.316 GMT+0100,3501.303,3495.82,0.02,0.0075
12.04.2021 08:12:29.978 GMT+0100,3502.221,3495.697,0.02,0.02
12.04.2021 08:12:43.045 GMT+0100,3503.385,3495.451,0.02,0.02
12.04.2021 08:12:58.423 GMT+0100,3500.3440000000005,3495.451,0.0075,0.0075
12.04.2021 08:12:58.473 GMT+0100,3499.1800000000003,3490.697,0.02,0.02
12.04.2021 08:12:58.524 GMT+0100,3500.1800000000003,3490.5740000000005,0.02,0.02
12.04.2021 08:12:58.994 GMT+0100,3500.303,3493,0.02,0.0075
12.04.2021 08:12:59.095 GMT+0100,3501,3493.7790000000005,0.02,0.02
12.04.2021 08:13:00.571 GMT+0100,3502.467,3493.7790000000005,0.02,0.02
12.04.2021 08:13:01.569 GMT+0100,3501.385,3493.82,0.0075,0.02
12.04.2021 08:13:07.885 GMT+0100,3500.262,3492.738,0.02,0.02
12.04.2021 08:13:07.994 GMT+0100,3501.1800000000003,3492.451,0.02,0.02
12.04.2021 08:13:50.280 GMT+0100,3503.221,3493,0.02,0.02
12.04.2021 08:13:50.330 GMT+0100,3502.3440000000005,3492.5740000000005,0.02,0.02
12.04.2021 08:13:50.430 GMT+0100,3503.262,3493,0.02,0.02
12.04.2021 08:13:51.285 GMT+0100,3500.262,3493,0.0075,0.02
12.04.2021 08:13:51.386 GMT+0100,3500.303,3493.738,0.02,0.02
12.04.2021 08:13:58.758 GMT+0100,3501.1800000000003,3493.7790000000005,0.02,0.02
12.04.2021 08:13:59.174 GMT+0100,3500.221,3493.656,0.02,0.02
12.04.2021 08:13:59.634 GMT+0100,3502.5490000000004,3493.5740000000005,0.02,0.02
12.04.2021 08:14:00.385 GMT+0100,3502.467,3494.82,0.02,0.0075
12.04.2021 08:14:15.447 GMT+0100,3502.3440000000005,3496,0.02,0.0075
12.04.2021 08:14:28.416 GMT+0100,3504.467,3495.492,0.02,0.02
12.04.2021 08:14:28.846 GMT+0100,3504,3498.451,0.0075,0.0075
12.04.2021 08:14:28.896 GMT+0100,3506.3440000000005,3498.738,0.02,0.02
12.04.2021 08:14:28.946 GMT+0100,3502.385,3498.82,0.02,0.02
12.04.2021 08:14:45.911 GMT+0100,3502.221,3500,0.02,0.0075
12.04.2021 08:14:48.088 GMT+0100,3507.5490000000004,3499.697,0.02,0.02
12.04.2021 08:14:48.330 GMT+0100,3506.426,3500,0.0075,0.02
12.04.2021 08:14:52.716 GMT+0100,3506.467,3500.492,0.02,0.0075
12.04.2021 08:14:58.636 GMT+0100,3505.3440000000005,3500.533,0.0075,0.0075
12.04.2021 08:14:58.686 GMT+0100,3505.467,3495.492,0.02,0.02
12.04.2021 08:14:58.832 GMT+0100,3505.5490000000004,3499.82,0.02,0.02
12.04.2021 08:14:59.545 GMT+0100,3507.508,3499.5740000000005,0.02,0.02
12.04.2021 08:15:01.170 GMT+0100,3506.467,3499.738,0.0075,0.02
12.04.2021 08:15:02.221 GMT+0100,3505.303,3499.533,0.02,0.02
12.04.2021 08:15:10.694 GMT+0100,3505.508,3501,0.02,0.0075
12.04.2021 08:15:23.707 GMT+0100,3505.262,3500,0.02,0.02
12.04.2021 08:15:23.757 GMT+0100,3504.467,3498.492,0.02,0.02
12.04.2021 08:15:24.838 GMT+0100,3503.426,3498.697,0.0075,0.02
12.04.2021 08:15:25.005 GMT+0100,3504.3440000000005,3498.697,0.02,0.02
12.04.2021 08:15:57.337 GMT+0100,3504.385,3500.5740000000005,0.02,0.0075
12.04.2021 08:16:02.464 GMT+0100,3504.385,3498.738,0.02,0.02
12.04.2021 08:16:03.920 GMT+0100,3502.385,3498.6150000000002,0.02,0.02
12.04.2021 08:16:04.076 GMT+0100,3504,3498.738,0.02,0.02
12.04.2021 08:16:08.029 GMT+0100,3504,3497,0.02,0.02
12.04.2021 08:16:08.079 GMT+0100,3503.262,3495.7790000000005,0.02,0.02
12.04.2021 08:16:09.239 GMT+0100,3504.1800000000003,3496.656,0.02,0.02
12.04.2021 08:16:45.166 GMT+0100,3504,3499.656,0.02,0.0075
12.04.2021 08:16:45.767 GMT+0100,3507.262,3499.656,0.02,0.02
12.04.2021 08:16:48.728 GMT+0100,3506.262,3499.533,0.0075,0.02
12.04.2021 08:16:51.201 GMT+0100,3506.385,3498.656,0.02,0.02
12.04.2021 08:16:51.252 GMT+0100,3506.467,3500.5740000000005,0.02,0.02
12.04.2021 08:16:55.716 GMT+0100,3506.262,3501.451,0.02,0.02
12.04.2021 08:16:58.594 GMT+0100,3506.1800000000003,3498.5740000000005,0.02,0.02
12.04.2021 08:16:58.830 GMT+0100,3506.385,3496.7790000000005,0.02,0.02
12.04.2021 08:16:58.959 GMT+0100,3504.467,3496.82,0.02,0.02
12.04.2021 08:17:00.904 GMT+0100,3504.3440000000005,3497.492,0.02,0.02
12.04.2021 08:17:45.916 GMT+0100,3505.303,3497.6150000000002,0.02,0.02
12.04.2021 08:17:48.308 GMT+0100,3503.5490000000004,3497.6150000000002,0.0075,0.02
12.04.2021 08:17:49.646 GMT+0100,3501.221,3497.7790000000005,0.0075,0.02
12.04.2021 08:17:49.747 GMT+0100,3502.508,3497.6150000000002,0.02,0.02
12.04.2021 08:17:51.604 GMT+0100,3503.262,3497.492,0.02,0.02
12.04.2021 08:17:53.274 GMT+0100,3502.385,3497.697,0.0075,0.02
12.04.2021 08:17:54.384 GMT+0100,3503.508,3497.451,0.02,0.02
12.04.2021 08:18:04.613 GMT+0100,3502.221,3495.7790000000005,0.02,0.02
12.04.2021 08:18:08.278 GMT+0100,3503.221,3495.451,0.02,0.02
12.04.2021 08:18:09.664 GMT+0100,3502.1800000000003,3495.492,0.02,0.02
12.04.2021 08:18:18.006 GMT+0100,3499.508,3493.7790000000005,0.02,0.02
12.04.2021 08:18:18.107 GMT+0100,3500.3440000000005,3493.451,0.02,0.02
12.04.2021 08:18:19.534 GMT+0100,3501.3440000000005,3493.7790000000005,0.02,0.02
12.04.2021 08:18:22.608 GMT+0100,3501.426,3494.533,0.02,0.02
12.04.2021 08:18:38.162 GMT+0100,3502.385,3494.738,0.02,0.02
12.04.2021 08:18:46.545 GMT+0100,3501.467,3494.451,0.0075,0.02
12.04.2021 08:18:46.596 GMT+0100,3501.508,3493.697,0.02,0.02
12.04.2021 08:18:46.742 GMT+0100,3501.467,3494.7790000000005,0.02,0.0075
12.04.2021 08:18:46.793 GMT+0100,3502.426,3494.492,0.02,0.02
12.04.2021 08:19:08.147 GMT+0100,3503.221,3494.5740000000005,0.02,0.02
12.04.2021 08:19:08.249 GMT+0100,3502.385,3494.7790000000005,0.02,0.02
12.04.2021 08:19:11.681 GMT+0100,3501.221,3494.82,0.0075,0.02
12.04.2021 08:19:11.731 GMT+0100,3502.426,3494.6150000000002,0.02,0.02
12.04.2021 08:19:19.636 GMT+0100,3500.262,3494.7790000000005,0.0075,0.0075
12.04.2021 08:19:19.686 GMT+0100,3500.262,3493.656,0.02,0.02
12.04.2021 08:19:19.737 GMT+0100,3501.5490000000004,3495,0.02,0.02
12.04.2021 08:19:19.787 GMT+0100,3501.5490000000004,3493.5740000000005,0.02,0.02
12.04.2021 08:19:20.365 GMT+0100,3501.262,3494.533,0.02,0.0075
12.04.2021 08:19:22.562 GMT+0100,3501.426,3493.7790000000005,0.02,0.02
12.04.2021 08:19:24.182 GMT+0100,3501.303,3495,0.02,0.0075
12.04.2021 08:19:24.486 GMT+0100,3501.385,3493.656,0.02,0.02
12.04.2021 08:19:39.421 GMT+0100,3499.385,3493.7790000000005,0.0075,0.02
12.04.2021 08:19:40.626 GMT+0100,3500.303,3493.697,0.02,0.02
12.04.2021 08:19:45.578 GMT+0100,3501.303,3494.738,0.02,0.02
12.04.2021 08:19:45.708 GMT+0100,3500.1800000000003,3494.738,0.0075,0.0075
12.04.2021 08:19:45.758 GMT+0100,3500.1800000000003,3493.5740000000005,0.02,0.02
12.04.2021 08:19:54.991 GMT+0100,3498.385,3493.451,0.0075,0.02
12.04.2021 08:19:55.092 GMT+0100,3496.467,3490.656,0.02,0.02
12.04.2021 08:19:55.142 GMT+0100,3495.1800000000003,3490.7790000000005,0.02,0.02
12.04.2021 08:19:55.328 GMT+0100,3494.221,3490.738,0.0075,0.02
12.04.2021 08:20:00.952 GMT+0100,3495.508,3490.7790000000005,0.02,0.02
12.04.2021 08:20:05.048 GMT+0100,3494.262,3490.6150000000002,0.0075,0.0075
12.04.2021 08:20:05.099 GMT+0100,3494.467,3486.7790000000005,0.02,0.02
12.04.2021 08:20:05.613 GMT+0100,3494,3485.7790000000005,0.02,0.02
12.04.2021 08:20:06.330 GMT+0100,3494.303,3486.697,0.02,0.0075
12.04.2021 08:20:07.508 GMT+0100,3494.467,3485.451,0.02,0.02
12.04.2021 08:20:09.305 GMT+0100,3494.467,3486.451,0.02,0.0075
12.04.2021 08:20:09.406 GMT+0100,3494.467,3488.5740000000005,0.02,0.02
12.04.2021 08:20:11.524 GMT+0100,3491.3440000000005,3488.451,0.0075,0.02
12.04.2021 08:20:13.358 GMT+0100,3493.221,3488.656,0.02,0.02
12.04.2021 08:20:13.639 GMT+0100,3494.508,3488.82,0.02,0.02
12.04.2021 08:20:14.396 GMT+0100,3493,3488.738,0.0075,0.02
12.04.2021 08:20:15.329 GMT+0100,3491.3440000000005,3488.533,0.0075,0.02
12.04.2021 08:20:29.264 GMT+0100,3494.221,3488.656,0.02,0.02
12.04.2021 08:20:33.895 GMT+0100,3494.385,3487.492,0.02,0.02
12.04.2021 08:20:33.945 GMT+0100,3491,3487.7790000000005,0.02,0.02
12.04.2021 08:20:33.996 GMT+0100,3492.3440000000005,3487.451,0.02,0.02
12.04.2021 08:20:50.358 GMT+0100,3493.5490000000004,3487.7790000000005,0.02,0.02
12.04.2021 08:20:56.540 GMT+0100,3495,3488.492,0.02,0.02
12.04.2021 08:20:56.591 GMT+0100,3497.385,3488.451,0.02,0.02
12.04.2021 08:20:56.914 GMT+0100,3496.385,3488.6150000000002,0.0075,0.02
12.04.2021 08:21:00.942 GMT+0100,3496.221,3489.697,0.02,0.0075
12.04.2021 08:21:04.378 GMT+0100,3497.303,3489.492,0.02,0.02
12.04.2021 08:21:11.033 GMT+0100,3497.1800000000003,3490.533,0.02,0.02
12.04.2021 08:21:15.273 GMT+0100,3496.467,3490.6150000000002,0.0075,0.02
12.04.2021 08:21:15.885 GMT+0100,3497.467,3490.492,0.02,0.02
12.04.2021 08:21:33.844 GMT+0100,3496.221,3490.533,0.0075,0.02
12.04.2021 08:21:33.979 GMT+0100,3497,3490.656,0.02,0.02
12.04.2021 08:21:53.696 GMT+0100,3496.303,3490.738,0.02,0.02
12.04.2021 08:21:58.129 GMT+0100,3497.5490000000004,3490.656,0.02,0.02
12.04.2021 08:22:02.096 GMT+0100,3497.3440000000005,3491.451,0.02,0.0075
12.04.2021 08:22:29.866 GMT+0100,3496.262,3491.6150000000002,0.0075,0.02
12.04.2021 08:22:30.043 GMT+0100,3497.1800000000003,3491.656,0.02,0.02
12.04.2021 08:22:34.203 GMT+0100,3496.385,3491.533,0.0075,0.02
12.04.2021 08:22:34.253 GMT+0100,3497.5490000000004,3491.5740000000005,0.02,0.02
12.04.2021 08:22:59.311 GMT+0100,3497.426,3492.492,0.02,0.0075
12.04.2021 08:23:07.446 GMT+0100,3497.5490000000004,3493.738,0.0075,0.0075
12.04.2021 08:23:07.497 GMT+0100,3499.385,3493.451,0.02,0.02
12.04.2021 08:23:32.508 GMT+0100,3500.508,3493.492,0.02,0.02
12.04.2021 08:23:41.644 GMT+0100,3500.221,3494.5740000000005,0.02,0.0075
12.04.2021 08:23:43.507 GMT+0100,3499.467,3494.533,0.0075,0.02
12.04.2021 08:23:43.558 GMT+0100,3500,3494.697,0.02,0.02
12.04.2021 08:23:50.554 GMT+0100,3498.5490000000004,3494.533,0.0075,0.0075
12.04.2021 08:23:50.604 GMT+0100,3498.303,3491.7790000000005,0.02,0.02
12.04.2021 08:23:50.654 GMT+0100,3498.467,3492.5740000000005,0.02,0.02
12.04.2021 08:24:03.835 GMT+0100,3499.262,3492.656,0.02,0.02
12.04.2021 08:24:12.728 GMT+0100,3498.1800000000003,3492.5740000000005,0.02,0.02
12.04.2021 08:24:12.970 GMT+0100,3496.303,3492.7790000000005,0.0075,0.02
12.04.2021 08:24:13.194 GMT+0100,3498.508,3492.533,0.02,0.02
12.04.2021 08:24:19.785 GMT+0100,3499.5490000000004,3492.656,0.02,0.02
12.04.2021 08:24:19.885 GMT+0100,3500.221,3493,0.02,0.02
12.04.2021 08:24:20.173 GMT+0100,3500.303,3494.697,0.02,0.0075
12.04.2021 08:24:20.312 GMT+0100,3500.426,3493.697,0.02,0.02
12.04.2021 08:24:29.512 GMT+0100,3500.1800000000003,3496,0.02,0.0075
12.04.2021 08:24:35.766 GMT+0100,3503.221,3495.82,0.02,0.02
12.04.2021 08:24:37.745 GMT+0100,3504.385,3497.5740000000005,0.02,0.02
12.04.2021 08:24:42.733 GMT+0100,3505.385,3497.492,0.02,0.02
12.04.2021 08:24:42.784 GMT+0100,3503.221,3497.492,0.0075,0.02
12.04.2021 08:24:48.466 GMT+0100,3502,3498.82,0.02,0.02
12.04.2021 08:24:48.645 GMT+0100,3502.385,3497.656,0.02,0.02
12.04.2021 08:25:01.617 GMT+0100,3504.467,3497.451,0.02,0.02
12.04.2021 08:25:03.493 GMT+0100,3502.303,3497.492,0.0075,0.02
12.04.2021 08:25:03.593 GMT+0100,3502.1800000000003,3496.492,0.02,0.02
12.04.2021 08:25:09.689 GMT+0100,3502.426,3497.533,0.02,0.0075
12.04.2021 08:25:10.588 GMT+0100,3502,3495.656,0.02,0.02
12.04.2021 08:25:10.638 GMT+0100,3502.303,3496.738,0.02,0.02
12.04.2021 08:25:11.419 GMT+0100,3500.385,3496.492,0.0075,0.02
12.04.2021 08:25:26.133 GMT+0100,3504.5490000000004,3496.697,0.02,0.02
12.04.2021 08:25:26.429 GMT+0100,3504.303,3499,0.02,0.0075
12.04.2021 08:25:27.276 GMT+0100,3505.426,3497.7790000000005,0.02,0.02
12.04.2021 08:25:27.327 GMT+0100,3505.508,3498.533,0.02,0.02
12.04.2021 08:25:35.127 GMT+0100,3506,3499,0.02,0.02
12.04.2021 08:25:38.713 GMT+0100,3506.221,3499.697,0.02,0.02
12.04.2021 08:25:49.187 GMT+0100,3506.303,3500.738,0.0075,0.0075
12.04.2021 08:25:49.237 GMT+0100,3507.467,3499.82,0.02,0.02
12.04.2021 08:25:49.789 GMT+0100,3506.262,3499.451,0.0075,0.02
12.04.2021 08:26:08.892 GMT+0100,3506,3500.7790000000005,0.0075,0.0075
12.04.2021 08:26:08.942 GMT+0100,3507.508,3499.6150000000002,0.02,0.02
12.04.2021 08:26:10.039 GMT+0100,3506.508,3499.7790000000005,0.0075,0.02
12.04.2021 08:26:10.777 GMT+0100,3505.467,3499.451,0.02,0.02
12.04.2021 08:26:10.877 GMT+0100,3506.221,3499.738,0.02,0.02
12.04.2021 08:26:19.860 GMT+0100,3507.467,3500,0.02,0.02
12.04.2021 08:26:20.023 GMT+0100,3506.1800000000003,3499.82,0.0075,0.02
12.04.2021 08:26:33.156 GMT+0100,3506.221,3500.6150000000002,0.0075,0.0075
12.04.2021 08:26:33.206 GMT+0100,3507.262,3500.82,0.02,0.02
12.04.2021 08:26:34.120 GMT+0100,3507.303,3499.738,0.02,0.02
12.04.2021 08:26:34.878 GMT+0100,3506.262,3499.738,0.0075,0.02
12.04.2021 08:26:51.219 GMT+0100,3505.3440000000005,3499.451,0.0075,0.02
12.04.2021 08:26:51.269 GMT+0100,3505.262,3498.656,0.02,0.02
12.04.2021 08:26:51.321 GMT+0100,3505.3440000000005,3499.533,0.02,0.0075
12.04.2021 08:26:51.586 GMT+0100,3506,3500,0.02,0.02
12.04.2021 08:26:57.133 GMT+0100,3506.508,3500.451,0.02,0.0075
12.04.2021 08:26:59.115 GMT+0100,3506.303,3501.533,0.0075,0.0075
12.04.2021 08:26:59.166 GMT+0100,3508,3502,0.02,0.02
12.04.2021 08:26:59.768 GMT+0100,3508.221,3503.738,0.0075,0.0075
12.04.2021 08:26:59.818 GMT+0100,3509.3440000000005,3503.738,0.02,0.02
12.04.2021 08:27:03.319 GMT+0100,3509.508,3504.533,0.02,0.0075
12.04.2021 08:27:03.660 GMT+0100,3510.221,3504.451,0.02,0.02
12.04.2021 08:27:04.172 GMT+0100,3509.303,3504.656,0.0075,0.02
12.04.2021 08:27:05.497 GMT+0100,3510.508,3504.533,0.02,0.02
12.04.2021 08:27:09.346 GMT+0100,3511.467,3504.6150000000002,0.02,0.02
12.04.2021 08:27:10.334 GMT+0100,3511.385,3503.533,0.02,0.02
12.04.2021 08:27:10.384 GMT+0100,3511.385,3506,0.02,0.02
12.04.2021 08:27:43.147 GMT+0100,3510.221,3505.656,0.02,0.02
12.04.2021 08:27:44.601 GMT+0100,3509.5490000000004,3502.451,0.02,0.02
12.04.2021 08:28:01.975 GMT+0100,3509.1800000000003,3501.7790000000005,0.02,0.02
12.04.2021 08:28:04.045 GMT+0100,3509.467,3502.5740000000005,0.02,0.0075
12.04.2021 08:28:05.553 GMT+0100,3508.1800000000003,3503.82,0.02,0.02
12.04.2021 08:28:05.865 GMT+0100,3507.303,3503.82,0.02,0.02
12.04.2021 08:28:16.156 GMT+0100,3506.3440000000005,3503.7790000000005,0.0075,0.02
12.04.2021 08:28:28.388 GMT+0100,3510.1800000000003,3503.738,0.02,0.02
12.04.2021 08:28:28.967 GMT+0100,3510.5490000000004,3504.7790000000005,0.02,0.0075
12.04.2021 08:28:29.202 GMT+0100,3510.385,3503.533,0.02,0.02
12.04.2021 08:28:30.272 GMT+0100,3508,3503.7790000000005,0.0075,0.02
12.04.2021 08:28:35.803 GMT+0100,3507,3503.6150000000002,0.02,0.02
12.04.2021 08:28:35.966 GMT+0100,3509.508,3503.82,0.02,0.02
12.04.2021 08:28:44.507 GMT+0100,3508,3503.5740000000005,0.0075,0.02
12.04.2021 08:28:46.192 GMT+0100,3507.262,3503.492,0.0075,0.0075
12.04.2021 08:28:46.242 GMT+0100,3506.262,3499.5740000000005,0.02,0.02
12.04.2021 08:28:46.375 GMT+0100,3506,3501.6150000000002,0.0075,0.0075
12.04.2021 08:28:46.425 GMT+0100,3507.221,3501.533,0.02,0.02
12.04.2021 08:28:46.475 GMT+0100,3505.426,3501.533,0.02,0.02
12.04.2021 08:28:46.525 GMT+0100,3506.1800000000003,3501.656,0.02,0.02
12.04.2021 08:28:47.260 GMT+0100,3506.1800000000003,3498.5740000000005,0.02,0.02
12.04.2021 08:28:47.531 GMT+0100,3506.221,3499.5740000000005,0.02,0.0075
12.04.2021 08:28:48.128 GMT+0100,3505.262,3498.492,0.02,0.02
12.04.2021 08:28:49.202 GMT+0100,3506.5490000000004,3499.656,0.02,0.02
12.04.2021 08:28:50.907 GMT+0100,3505.1800000000003,3499.451,0.0075,0.02
12.04.2021 08:28:51.414 GMT+0100,3506.5490000000004,3499.492,0.02,0.02
12.04.2021 08:28:51.464 GMT+0100,3506.467,3501,0.02,0.02
12.04.2021 08:28:51.515 GMT+0100,3506.221,3499.738,0.02,0.02
12.04.2021 08:28:56.135 GMT+0100,3506.1800000000003,3500.6150000000002,0.02,0.0075
12.04.2021 08:28:56.288 GMT+0100,3506,3499.738,0.02,0.02
12.04.2021 08:28:59.597 GMT+0100,3505.385,3499.697,0.02,0.02
12.04.2021 08:29:21.384 GMT+0100,3505.467,3498.6150000000002,0.02,0.02
12.04.2021 08:29:24.048 GMT+0100,3505.508,3499.656,0.02,0.02
12.04.2021 08:29:35.112 GMT+0100,3504.3440000000005,3498.7790000000005,0.02,0.02
12.04.2021 08:29:35.214 GMT+0100,3503.508,3498.82,0.02,0.02
12.04.2021 08:29:35.265 GMT+0100,3503.508,3497.738,0.02,0.02
12.04.2021 08:29:35.365 GMT+0100,3504.426,3497.738,0.02,0.02
12.04.2021 08:29:37.165 GMT+0100,3503.303,3497.492,0.0075,0.02
12.04.2021 08:29:43.538 GMT+0100,3503,3496.5740000000005,0.02,0.02
12.04.2021 08:29:43.588 GMT+0100,3503.221,3497.82,0.02,0.02
12.04.2021 08:29:43.638 GMT+0100,3503.508,3496.656,0.02,0.02
12.04.2021 08:29:43.689 GMT+0100,3503.467,3497.5740000000005,0.02,0.02
12.04.2021 08:29:43.950 GMT+0100,3503.3440000000005,3496.656,0.02,0.02
12.04.2021 08:29:48.321 GMT+0100,3503.385,3497.738,0.02,0.0075
12.04.2021 08:29:50.880 GMT+0100,3503.385,3496.451,0.02,0.02
12.04.2021 08:29:51.024 GMT+0100,3503,3497.738,0.02,0.0075
12.04.2021 08:29:56.491 GMT+0100,3503.1800000000003,3496.82,0.02,0.02
12.04.2021 08:29:56.541 GMT+0100,3503.385,3497.6150000000002,0.02,0.02
12.04.2021 08:30:03.744 GMT+0100,3503.3440000000005,3496.6150000000002,0.02,0.02
12.04.2021 08:30:04.030 GMT+0100,3500.3440000000005,3496.6150000000002,0.0075,0.0075
12.04.2021 08:30:04.081 GMT+0100,3500.426,3494.6150000000002,0.02,0.02
12.04.2021 08:30:04.504 GMT+0100,3499.5490000000004,3494.533,0.02,0.02
12.04.2021 08:30:05.330 GMT+0100,3499.303,3492.492,0.02,0.02
12.04.2021 08:30:05.381 GMT+0100,3499.508,3491.6150000000002,0.02,0.02
12.04.2021 08:30:05.508 GMT+0100,3499.385,3493.656,0.02,0.02
12.04.2021 08:30:07.095 GMT+0100,3498.426,3493.7790000000005,0.0075,0.02
12.04.2021 08:30:07.366 GMT+0100,3499.508,3493.5740000000005,0.02,0.02
12.04.2021 08:30:07.546 GMT+0100,3497.385,3493.738,0.02,0.02
12.04.2021 08:30:09.492 GMT+0100,3499.1800000000003,3493.6150000000002,0.02,0.02
12.04.2021 08:30:33.853 GMT+0100,3497.385,3493.492,0.0075,0.02
12.04.2021 08:30:36.993 GMT+0100,3499.385,3494.82,0.02,0.02
12.04.2021 08:30:37.130 GMT+0100,3499.508,3494,0.02,0.02
12.04.2021 08:30:37.374 GMT+0100,3499.1800000000003,3494.7790000000005,0.02,0.0075
12.04.2021 08:30:37.495 GMT+0100,3498,3494.697,0.0075,0.0075
12.04.2021 08:30:37.546 GMT+0100,3499.508,3493.451,0.02,0.02
12.04.2021 08:30:38.907 GMT+0100,3499.3440000000005,3494.492,0.02,0.0075
12.04.2021 08:30:39.008 GMT+0100,3498.508,3494.533,0.02,0.02
12.04.2021 08:30:52.577 GMT+0100,3499.262,3495,0.02,0.02
12.04.2021 08:30:54.805 GMT+0100,3501.467,3496.533,0.02,0.02
12.04.2021 08:30:54.855 GMT+0100,3502,3496.492,0.02,0.02
12.04.2021 08:30:54.982 GMT+0100,3502.221,3495.6150000000002,0.02,0.02
12.04.2021 08:30:55.080 GMT+0100,3500.3440000000005,3494.492,0.02,0.02
12.04.2021 08:30:55.197 GMT+0100,3501.303,3496.7790000000005,0.02,0.02
12.04.2021 08:30:57.122 GMT+0100,3499.5490000000004,3496.656,0.02,0.02
12.04.2021 08:31:04.287 GMT+0100,3499.426,3493.5740000000005,0.02,0.02
12.04.2021 08:31:04.337 GMT+0100,3498.5490000000004,3493.82,0.02,0.02
12.04.2021 08:31:04.387 GMT+0100,3499,3493.656,0.02,0.02
12.04.2021 08:31:26.876 GMT+0100,3499.426,3494.697,0.02,0.0075
12.04.2021 08:31:26.997 GMT+0100,3499.467,3495.697,0.02,0.0075
12.04.2021 08:31:27.047 GMT+0100,3502.262,3497.451,0.02,0.02
12.04.2021 08:31:27.098 GMT+0100,3503,3498,0.02,0.02
12.04.2021 08:31:27.221 GMT+0100,3502.385,3497.492,0.0075,0.0075
12.04.2021 08:31:27.272 GMT+0100,3502,3497,0.02,0.02
12.04.2021 08:31:27.489 GMT+0100,3503.262,3496.451,0.02,0.02
12.04.2021 08:31:27.746 GMT+0100,3502.5490000000004,3496.738,0.0075,0.02
12.04.2021 08:31:35.403 GMT+0100,3502.1800000000003,3495.6150000000002,0.02,0.02
12.04.2021 08:32:08.725 GMT+0100,3502.467,3496.451,0.02,0.0075
12.04.2021 08:32:10.364 GMT+0100,3502,3495.697,0.02,0.02
12.04.2021 08:32:13.629 GMT+0100,3502.426,3496.492,0.02,0.0075
12.04.2021 08:32:15.840 GMT+0100,3502.303,3495.533,0.02,0.02
12.04.2021 08:32:26.963 GMT+0100,3501.426,3495.5740000000005,0.0075,0.02
12.04.2021 08:32:27.013 GMT+0100,3501.303,3494.492,0.02,0.02
12.04.2021 08:32:27.146 GMT+0100,3500,3494.738,0.02,0.02
12.04.2021 08:32:39.048 GMT+0100,3500.262,3493.697,0.02,0.02
12.04.2021 08:32:49.529 GMT+0100,3499.221,3493.533,0.02,0.02
12.04.2021 08:33:02.760 GMT+0100,3499.385,3492.6150000000002,0.02,0.02
12.04.2021 08:33:03.043 GMT+0100,3499.221,3493.6150000000002,0.02,0.0075
12.04.2021 08:33:13.270 GMT+0100,3500.3440000000005,3495.7790000000005,0.02,0.02
12.04.2021 08:33:18.299 GMT+0100,3499.467,3495.7790000000005,0.0075,0.02
12.04.2021 08:33:18.350 GMT+0100,3498,3492.697,0.02,0.02
12.04.2021 08:33:18.476 GMT+0100,3498.426,3493.5740000000005,0.0075,0.0075
12.04.2021 08:33:18.526 GMT+0100,3499.303,3493.656,0.02,0.02
12.04.2021 08:33:25.562 GMT+0100,3496,3493.492,0.0075,0.0075
12.04.2021 08:33:25.613 GMT+0100,3494.5490000000004,3490,0.02,0.02
12.04.2021 08:33:25.766 GMT+0100,3496.3440000000005,3489.738,0.02,0.02
12.04.2021 08:33:26.714 GMT+0100,3494.5490000000004,3489.6150000000002,0.0075,0.02
12.04.2021 08:33:26.765 GMT+0100,3494.1800000000003,3488.738,0.02,0.02
12.04.2021 08:33:28.115 GMT+0100,3494.467,3490.533,0.02,0.0075
12.04.2021 08:33:36.200 GMT+0100,3493.426,3487.6150000000002,0.02,0.02
12.04.2021 08:33:36.355 GMT+0100,3493.221,3488.656,0.02,0.0075
12.04.2021 08:33:36.495 GMT+0100,3493.5490000000004,3487.7790000000005,0.02,0.02
12.04.2021 08:33:36.758 GMT+0100,3493.385,3488.656,0.02,0.0075
12.04.2021 08:33:42.432 GMT+0100,3493.467,3487.451,0.02,0.02
12.04.2021 08:33:51.166 GMT+0100,3492.385,3487.451,0.0075,0.02
12.04.2021 08:33:51.296 GMT+0100,3493.385,3487.82,0.02,0.02
12.04.2021 08:34:00.698 GMT+0100,3493.385,3486.697,0.02,0.02
12.04.2021 08:34:08.112 GMT+0100,3493.262,3487.82,0.02,0.02
12.04.2021 08:34:09.955 GMT+0100,3492.467,3488.6150000000002,0.02,0.02
12.04.2021 08:34:10.095 GMT+0100,3492.1800000000003,3488,0.02,0.02
12.04.2021 08:35:18.072 GMT+0100,3491.426,3487.7790000000005,0.0075,0.02
12.04.2021 08:35:18.552 GMT+0100,3492.508,3487.697,0.02,0.02
12.04.2021 08:35:18.716 GMT+0100,3492.5490000000004,3486.656,0.02,0.02
12.04.2021 08:35:22.934 GMT+0100,3490.508,3486.7790000000005,0.0075,0.02
12.04.2021 08:35:30.717 GMT+0100,3489.303,3486.492,0.02,0.02
12.04.2021 08:35:30.942 GMT+0100,3490.508,3486.451,0.02,0.02
12.04.2021 08:35:34.648 GMT+0100,3490.262,3486,0.02,0.02
12.04.2021 08:35:34.698 GMT+0100,3488.3440000000005,3485.738,0.02,0.02
12.04.2021 08:35:34.749 GMT+0100,3488,3483.7790000000005,0.02,0.02
12.04.2021 08:35:34.972 GMT+0100,3486.5490000000004,3483.656,0.02,0.02
12.04.2021 08:35:35.022 GMT+0100,3487.262,3483.7790000000005,0.02,0.02
12.04.2021 08:35:36.912 GMT+0100,3485.1800000000003,3482.7790000000005,0.02,0.02
12.04.2021 08:35:37.022 GMT+0100,3484.262,3482.82,0.02,0.02
12.04.2021 08:35:39.172 GMT+0100,3483.508,3478.5740000000005,0.02,0.02
12.04.2021 08:35:43.107 GMT+0100,3482.426,3478.656,0.0075,0.02
12.04.2021 08:35:43.219 GMT+0100,3481.467,3478.697,0.0075,0.02
12.04.2021 08:35:43.270 GMT+0100,3482.303,3478.7790000000005,0.02,0.02
12.04.2021 08:35:44.362 GMT+0100,3482.303,3476.6150000000002,0.02,0.02
12.04.2021 08:35:45.402 GMT+0100,3482.5490000000004,3475.5740000000005,0.02,0.02
12.04.2021 08:35:49.888 GMT+0100,3482.426,3476.5740000000005,0.02,0.02
12.04.2021 08:35:49.938 GMT+0100,3483.262,3476.7790000000005,0.02,0.02
12.04.2021 08:35:53.126 GMT+0100,3482.303,3477,0.02,0.02
12.04.2021 08:35:54.114 GMT+0100,3481.467,3476.738,0.02,0.02
12.04.2021 08:35:57.154 GMT+0100,3482,3476.738,0.02,0.02
12.04.2021 08:36:00.120 GMT+0100,3481.467,3476.656,0.02,0.02
12.04.2021 08:36:00.261 GMT+0100,3482,3476.492,0.02,0.02
12.04.2021 08:36:03.477 GMT+0100,3483.3440000000005,3476.82,0.02,0.02
12.04.2021 08:36:06.279 GMT+0100,3481.467,3476.533,0.0075,0.02
12.04.2021 08:36:06.379 GMT+0100,3482,3476.697,0.02,0.02
12.04.2021 08:36:07.286 GMT+0100,3483.221,3476.82,0.02,0.02
12.04.2021 08:36:09.973 GMT+0100,3487,3479.492,0.02,0.02
12.04.2021 08:36:10.146 GMT+0100,3487.426,3479,0.02,0.02
12.04.2021 08:36:10.516 GMT+0100,3486.262,3478.5740000000005,0.0075,0.02
12.04.2021 08:36:10.945 GMT+0100,3485,3478.451,0.0075,0.02
12.04.2021 08:36:10.995 GMT+0100,3486.303,3478.656,0.02,0.02
12.04.2021 08:36:15.308 GMT+0100,3485.3440000000005,3478.738,0.0075,0.02
12.04.2021 08:36:15.458 GMT+0100,3483.385,3477.5740000000005,0.02,0.02
12.04.2021 08:36:15.579 GMT+0100,3484.262,3478,0.02,0.02
12.04.2021 08:36:18.125 GMT+0100,3484.1800000000003,3476.5740000000005,0.02,0.02
12.04.2021 08:36:18.615 GMT+0100,3484.303,3477.7790000000005,0.02,0.0075
12.04.2021 08:36:19.470 GMT+0100,3484,3476.533,0.02,0.02
12.04.2021 08:36:50.141 GMT+0100,3484.221,3479.82,0.02,0.0075
12.04.2021 08:36:50.359 GMT+0100,3484.1800000000003,3477.7790000000005,0.02,0.02
12.04.2021 08:37:11.642 GMT+0100,3483.508,3476.738,0.02,0.02
12.04.2021 08:37:11.866 GMT+0100,3483.262,3475.6150000000002,0.02,0.02
12.04.2021 08:37:11.916 GMT+0100,3483.221,3476.5740000000005,0.02,0.02
12.04.2021 08:37:12.112 GMT+0100,3483,3475.451,0.02,0.02
12.04.2021 08:37:13.572 GMT+0100,3483.426,3479.738,0.0075,0.0075
12.04.2021 08:37:13.622 GMT+0100,3484.426,3479.738,0.02,0.02
12.04.2021 08:37:13.704 GMT+0100,3483.262,3479.7790000000005,0.0075,0.02
12.04.2021 08:37:13.805 GMT+0100,3485,3479.533,0.02,0.02
12.04.2021 08:37:22.447 GMT+0100,3486.508,3479.533,0.02,0.02
12.04.2021 08:37:24.516 GMT+0100,3485.262,3480,0.0075,0.02
12.04.2021 08:37:30.904 GMT+0100,3486.508,3479.492,0.02,0.02
12.04.2021 08:37:31.392 GMT+0100,3485.467,3479.492,0.0075,0.02
12.04.2021 08:37:36.002 GMT+0100,3486.5490000000004,3479.451,0.02,0.02
12.04.2021 08:37:39.125 GMT+0100,3485.221,3480,0.0075,0.02
12.04.2021 08:37:44.149 GMT+0100,3486.385,3479.5740000000005,0.02,0.02
12.04.2021 08:37:46.390 GMT+0100,3485.303,3479.533,0.0075,0.02
12.04.2021 08:38:00.178 GMT+0100,3486.303,3479.738,0.02,0.02
12.04.2021 08:38:01.684 GMT+0100,3485.1800000000003,3479.738,0.0075,0.02
12.04.2021 08:38:05.253 GMT+0100,3486.221,3480.5740000000005,0.02,0.02
12.04.2021 08:38:05.354 GMT+0100,3487.385,3481.451,0.02,0.02
12.04.2021 08:38:05.500 GMT+0100,3486.426,3481.533,0.02,0.02
12.04.2021 08:39:03.445 GMT+0100,3485.385,3481.6150000000002,0.0075,0.0075
12.04.2021 08:39:03.515 GMT+0100,3485.262,3479.7790000000005,0.02,0.02
12.04.2021 08:39:03.565 GMT+0100,3486.467,3480.697,0.02,0.02
12.04.2021 08:39:08.532 GMT+0100,3485.303,3481.492,0.02,0.02
12.04.2021 08:39:08.582 GMT+0100,3486.1800000000003,3481.738,0.02,0.02
12.04.2021 08:40:05.547 GMT+0100,3485.385,3481.7790000000005,0.02,0.02
12.04.2021 08:40:05.597 GMT+0100,3486.467,3481.6150000000002,0.02,0.02
12.04.2021 08:40:14.889 GMT+0100,3486.221,3480.451,0.02,0.02
12.04.2021 08:40:17.070 GMT+0100,3485,3480.738,0.02,0.02
12.04.2021 08:40:17.188 GMT+0100,3483.262,3480.492,0.0075,0.0075
12.04.2021 08:40:17.238 GMT+0100,3484,3477.5740000000005,0.02,0.02
12.04.2021 08:40:22.912 GMT+0100,3484.3440000000005,3478.656,0.02,0.0075
12.04.2021 08:40:41.408 GMT+0100,3484.426,3477.533,0.02,0.02
12.04.2021 08:41:04.381 GMT+0100,3485.262,3478.451,0.02,0.02
12.04.2021 08:41:05.245 GMT+0100,3484.221,3478.7790000000005,0.0075,0.02
12.04.2021 08:41:09.677 GMT+0100,3485.426,3478.451,0.02,0.02
12.04.2021 08:41:19.082 GMT+0100,3484.508,3478.7790000000005,0.0075,0.02
12.04.2021 08:41:19.133 GMT+0100,3486.426,3479.7790000000005,0.02,0.02
12.04.2021 08:41:19.473 GMT+0100,3486.3440000000005,3480.5740000000005,0.02,0.0075
12.04.2021 08:41:20.912 GMT+0100,3485.3440000000005,3480.7790000000005,0.02,0.02
12.04.2021 08:41:30.348 GMT+0100,3485.5490000000004,3479.697,0.02,0.02
12.04.2021 08:41:30.450 GMT+0100,3485.1800000000003,3480.7790000000005,0.02,0.02
12.04.2021 08:41:50.799 GMT+0100,3484.467,3478.5740000000005,0.02,0.02
12.04.2021 08:41:50.849 GMT+0100,3485.1800000000003,3479.492,0.02,0.02
12.04.2021 08:42:17.739 GMT+0100,3485.508,3481.533,0.02,0.0075
12.04.2021 08:42:49.157 GMT+0100,3490.221,3484.6150000000002,0.02,0.02
12.04.2021 08:42:50.554 GMT+0100,3490.508,3483.451,0.02,0.02
12.04.2021 08:42:51.140 GMT+0100,3490.5490000000004,3484.656,0.02,0.0075
12.04.2021 08:42:54.156 GMT+0100,3490.221,3485.5740000000005,0.02,0.0075
12.04.2021 08:42:54.570 GMT+0100,3491.303,3485.6150000000002,0.02,0.02
12.04.2021 08:42:55.582 GMT+0100,3490.5490000000004,3485.6150000000002,0.0075,0.02
12.04.2021 08:42:57.113 GMT+0100,3491.221,3485.533,0.02,0.02
12.04.2021 08:42:59.146 GMT+0100,3490.5490000000004,3485.451,0.02,0.02
12.04.2021 08:43:03.216 GMT+0100,3490.3440000000005,3486.738,0.02,0.0075
12.04.2021 08:43:03.267 GMT+0100,3490.5490000000004,3485.738,0.02,0.02
12.04.2021 08:43:09.213 GMT+0100,3491.5490000000004,3486.451,0.02,0.02
12.04.2021 08:43:47.184 GMT+0100,3490,3486.697,0.0075,0.02
12.04.2021 08:43:47.287 GMT+0100,3490.3440000000005,3484,0.02,0.02
12.04.2021 08:43:47.337 GMT+0100,3489,3483.7790000000005,0.02,0.02
12.04.2021 08:43:48.865 GMT+0100,3488.5490000000004,3483.533,0.0075,0.0075
12.04.2021 08:43:48.916 GMT+0100,3488.385,3482.6150000000002,0.02,0.02
12.04.2021 08:43:48.966 GMT+0100,3489.262,3483.697,0.02,0.02
12.04.2021 08:44:01.170 GMT+0100,3488.221,3483.492,0.0075,0.0075
12.04.2021 08:44:01.221 GMT+0100,3489.385,3482.82,0.02,0.02
12.04.2021 08:44:01.271 GMT+0100,3489.262,3483.533,0.02,0.02
12.04.2021 08:44:01.321 GMT+0100,3489.221,3482.533,0.02,0.02
12.04.2021 08:44:13.209 GMT+0100,3488.262,3482.697,0.0075,0.02
12.04.2021 08:44:17.837 GMT+0100,3487.467,3483.738,0.0075,0.0075
12.04.2021 08:44:17.888 GMT+0100,3488.5490000000004,3484,0.02,0.02
12.04.2021 08:44:18.037 GMT+0100,3488.221,3481.492,0.02,0.02
12.04.2021 08:44:19.115 GMT+0100,3488.467,3482.738,0.02,0.0075
12.04.2021 08:44:19.254 GMT+0100,3488.262,3484.451,0.0075,0.0075
12.04.2021 08:44:19.304 GMT+0100,3489.1800000000003,3484.451,0.02,0.02
12.04.2021 08:44:26.338 GMT+0100,3488.385,3484.5740000000005,0.02,0.02
12.04.2021 08:44:28.104 GMT+0100,3489.262,3484.533,0.02,0.02
12.04.2021 08:45:04.324 GMT+0100,3488.467,3484.656,0.02,0.02
12.04.2021 08:45:05.416 GMT+0100,3488.426,3481.492,0.02,0.02
12.04.2021 08:45:06.473 GMT+0100,3487.1800000000003,3481.656,0.02,0.02
12.04.2021 08:45:06.582 GMT+0100,3486.221,3480.533,0.02,0.02
12.04.2021 08:45:32.390 GMT+0100,3486.467,3481.5740000000005,0.0075,0.0075
12.04.2021 08:45:32.494 GMT+0100,3487.303,3482.5740000000005,0.02,0.0075
12.04.2021 08:45:32.544 GMT+0100,3487.221,3481.492,0.02,0.02
12.04.2021 08:45:56.900 GMT+0100,3486.1800000000003,3481.82,0.0075,0.0075
12.04.2021 08:45:56.950 GMT+0100,3486.385,3480.656,0.02,0.02
12.04.2021 08:46:31.635 GMT+0100,3485.3440000000005,3480.697,0.0075,0.0075
12.04.2021 08:46:31.685 GMT+0100,3485.467,3479.451,0.02,0.02
12.04.2021 08:46:38.045 GMT+0100,3485.426,3480.7790000000005,0.02,0.0075
12.04.2021 08:46:38.096 GMT+0100,3485.262,3479.738,0.02,0.02
12.04.2021 08:46:38.146 GMT+0100,3485,3480.533,0.02,0.02
12.04.2021 08:46:39.740 GMT+0100,3485.303,3479.6150000000002,0.02,0.02
12.04.2021 08:46:57.642 GMT+0100,3485.3440000000005,3480.451,0.02,0.0075
12.04.2021 08:47:27.553 GMT+0100,3484.3440000000005,3480.738,0.0075,0.02
12.04.2021 08:47:27.767 GMT+0100,3485,3480.6150000000002,0.02,0.02
12.04.2021 08:47:28.700 GMT+0100,3484.3440000000005,3480.533,0.0075,0.0075
12.04.2021 08:47:28.750 GMT+0100,3484.467,3479.5740000000005,0.02,0.02
12.04.2021 08:47:36.363 GMT+0100,3483.426,3479.492,0.0075,0.02
12.04.2021 08:48:08.393 GMT+0100,3484.426,3479.451,0.02,0.02
12.04.2021 08:48:08.443 GMT+0100,3483.3440000000005,3479.533,0.02,0.02
12.04.2021 08:49:06.349 GMT+0100,3482.221,3480,0.0075,0.0075
12.04.2021 08:49:06.399 GMT+0100,3482.508,3477.656,0.02,0.02
12.04.2021 08:49:06.450 GMT+0100,3483.426,3477.738,0.02,0.02
12.04.2021 08:49:07.025 GMT+0100,3482.426,3477.492,0.02,0.02
12.04.2021 08:49:07.508 GMT+0100,3481.262,3477.697,0.0075,0.02
12.04.2021 08:49:59.149 GMT+0100,3481.467,3478.492,0.0075,0.0075
12.04.2021 08:49:59.199 GMT+0100,3483.1800000000003,3479,0.02,0.02
12.04.2021 08:49:59.250 GMT+0100,3484.1800000000003,3479.697,0.02,0.02
12.04.2021 08:49:59.366 GMT+0100,3484.1800000000003,3477.738,0.02,0.02
12.04.2021 08:49:59.416 GMT+0100,3484.508,3478.697,0.02,0.02
12.04.2021 08:50:03.112 GMT+0100,3483.5490000000004,3478.5740000000005,0.0075,0.0075
12.04.2021 08:50:03.162 GMT+0100,3483.1800000000003,3477.533,0.02,0.02
12.04.2021 08:50:06.517 GMT+0100,3482.303,3478,0.0075,0.02
12.04.2021 08:50:34.414 GMT+0100,3482,3478.656,0.02,0.0075
12.04.2021 08:50:34.563 GMT+0100,3482.426,3477.82,0.02,0.02
12.04.2021 08:50:35.984 GMT+0100,3484.467,3479.492,0.02,0.02
12.04.2021 08:50:36.114 GMT+0100,3482.426,3479,0.02,0.0075
12.04.2021 08:50:36.338 GMT+0100,3482.3440000000005,3477.7790000000005,0.02,0.02
12.04.2021 08:51:26.913 GMT+0100,3482.508,3478.82,0.02,0.02
12.04.2021 08:51:27.019 GMT+0100,3482.385,3477.82,0.02,0.02
12.04.2021 08:51:30.144 GMT+0100,3482.426,3479,0.02,0.02
12.04.2021 08:51:56.408 GMT+0100,3482,3479.533,0.0075,0.0075
12.04.2021 08:51:56.458 GMT+0100,3483.3440000000005,3480,0.02,0.02
12.04.2021 08:51:56.509 GMT+0100,3485.221,3479.451,0.02,0.02
12.04.2021 08:51:56.559 GMT+0100,3484.303,3478.492,0.02,0.02
12.04.2021 08:51:56.904 GMT+0100,3484.426,3480.533,0.0075,0.0075
12.04.2021 08:51:56.954 GMT+0100,3485.508,3480.656,0.02,0.02
12.04.2021 08:51:57.005 GMT+0100,3485.5490000000004,3479.697,0.02,0.02
12.04.2021 08:51:58.146 GMT+0100,3485.426,3480.533,0.02,0.02
12.04.2021 08:51:58.350 GMT+0100,3485.467,3479.5740000000005,0.02,0.02
12.04.2021 08:52:03.165 GMT+0100,3485.303,3481.6150000000002,0.02,0.0075
12.04.2021 08:52:17.933 GMT+0100,3483.1800000000003,3481.533,0.0075,0.0075
12.04.2021 08:52:17.984 GMT+0100,3483.385,3478,0.02,0.02
12.04.2021 08:52:39.230 GMT+0100,3483.1800000000003,3476.697,0.02,0.02
12.04.2021 08:52:39.887 GMT+0100,3483.3440000000005,3477.5740000000005,0.02,0.0075
12.04.2021 08:53:10.314 GMT+0100,3484.508,3478.656,0.02,0.02
12.04.2021 08:53:18.721 GMT+0100,3483.385,3478.697,0.0075,0.0075
12.04.2021 08:53:18.771 GMT+0100,3483.262,3478,0.02,0.02
12.04.2021 08:53:19.325 GMT+0100,3482.508,3477.533,0.0075,0.02
12.04.2021 08:53:20.524 GMT+0100,3481.426,3476.6150000000002,0.02,0.02
12.04.2021 08:53:20.633 GMT+0100,3480.3440000000005,3476.656,0.02,0.02
12.04.2021 08:53:20.750 GMT+0100,3481.426,3476.533,0.02,0.02
12.04.2021 08:53:21.098 GMT+0100,3478.262,3476.656,0.0075,0.0075
12.04.2021 08:53:21.148 GMT+0100,3478.508,3472.697,0.02,0.02
12.04.2021 08:53:21.252 GMT+0100,3478.262,3473.738,0.0075,0.0075
12.04.2021 08:53:21.302 GMT+0100,3478.385,3472.738,0.02,0.02
12.04.2021 08:53:22.438 GMT+0100,3478.5490000000004,3471.738,0.02,0.02
12.04.2021 08:53:22.536 GMT+0100,3477.3440000000005,3471.492,0.0075,0.02
12.04.2021 08:53:22.925 GMT+0100,3477.303,3472.492,0.02,0.02
12.04.2021 08:53:35.367 GMT+0100,3477.262,3474.697,0.0075,0.0075
12.04.2021 08:53:35.417 GMT+0100,3480.508,3474.738,0.02,0.02
12.04.2021 08:53:41.354 GMT+0100,3479.1800000000003,3474.6150000000002,0.02,0.02
12.04.2021 08:53:41.462 GMT+0100,3479.1800000000003,3473.451,0.02,0.02
12.04.2021 08:54:58.561 GMT+0100,3478.303,3473.6150000000002,0.0075,0.0075
12.04.2021 08:54:58.611 GMT+0100,3478.467,3472.82,0.02,0.02
12.04.2021 08:54:58.662 GMT+0100,3477.303,3472.6150000000002,0.02,0.02
12.04.2021 08:54:58.712 GMT+0100,3478.262,3472.656,0.02,0.02
12.04.2021 08:54:58.958 GMT+0100,3478.262,3473.82,0.02,0.0075
12.04.2021 08:55:07.622 GMT+0100,3481.303,3477.5740000000005,0.02,0.02
12.04.2021 08:55:10.504 GMT+0100,3481.221,3478.533,0.0075,0.0075
12.04.2021 08:55:10.554 GMT+0100,3483.385,3478.7790000000005,0.02,0.02
12.04.2021 08:55:11.792 GMT+0100,3484.467,3478.738,0.02,0.02
12.04.2021 08:55:12.051 GMT+0100,3484.467,3480.738,0.02,0.0075
12.04.2021 08:55:12.912 GMT+0100,3483.303,3480.5740000000005,0.0075,0.02
12.04.2021 08:55:22.196 GMT+0100,3486.262,3480.451,0.02,0.02
12.04.2021 08:55:23.758 GMT+0100,3485.262,3480.533,0.0075,0.02
12.04.2021 08:55:58.312 GMT+0100,3483.1800000000003,3480.492,0.0075,0.02
12.04.2021 08:56:03.264 GMT+0100,3483.426,3477.533,0.02,0.02
12.04.2021 08:56:09.459 GMT+0100,3483.426,3478.7790000000005,0.02,0.02
12.04.2021 08:56:09.548 GMT+0100,3483.426,3478,0.02,0.02
12.04.2021 08:56:09.892 GMT+0100,3483.467,3478.533,0.02,0.0075
12.04.2021 08:56:09.992 GMT+0100,3483.5490000000004,3477.5740000000005,0.02,0.02
12.04.2021 08:56:14.525 GMT+0100,3482.385,3477.492,0.0075,0.02
12.04.2021 08:56:39.196 GMT+0100,3481.467,3476,0.02,0.02
12.04.2021 08:56:44.500 GMT+0100,3481.467,3476.6150000000002,0.02,0.02
12.04.2021 08:56:45.908 GMT+0100,3482.3440000000005,3476.492,0.02,0.02
12.04.2021 08:56:46.009 GMT+0100,3481.262,3476.82,0.02,0.02
12.04.2021 08:56:47.319 GMT+0100,3482.1800000000003,3476.5740000000005,0.02,0.02
12.04.2021 08:56:54.025 GMT+0100,3482.385,3475.82,0.02,0.02
12.04.2021 08:56:54.948 GMT+0100,3480.221,3475.7790000000005,0.02,0.02
12.04.2021 08:56:55.762 GMT+0100,3481.1800000000003,3476.82,0.02,0.02
12.04.2021 08:56:55.883 GMT+0100,3481.3440000000005,3475.6150000000002,0.02,0.02
12.04.2021 08:56:59.325 GMT+0100,3480.1800000000003,3475.533,0.0075,0.02
12.04.2021 08:56:59.614 GMT+0100,3480.221,3474.697,0.02,0.02
12.04.2021 08:57:07.561 GMT+0100,3478.303,3474,0.02,0.02
12.04.2021 08:57:07.663 GMT+0100,3478.385,3473,0.02,0.02
12.04.2021 08:57:07.814 GMT+0100,3479.1800000000003,3473.656,0.02,0.02
12.04.2021 08:57:07.938 GMT+0100,3478.508,3473.656,0.02,0.02
12.04.2021 08:57:09.162 GMT+0100,3478.262,3472.738,0.02,0.02
12.04.2021 08:57:11.087 GMT+0100,3477.426,3472.492,0.0075,0.0075
12.04.2021 08:57:11.137 GMT+0100,3477.467,3472,0.02,0.02
12.04.2021 08:57:11.188 GMT+0100,3476.5490000000004,3472.7790000000005,0.02,0.02
12.04.2021 08:57:11.238 GMT+0100,3476.221,3471.451,0.02,0.02
12.04.2021 08:57:12.346 GMT+0100,3477,3471.6150000000002,0.02,0.02
12.04.2021 08:57:18.690 GMT+0100,3478.221,3471.451,0.02,0.02
12.04.2021 08:57:18.741 GMT+0100,3477.1800000000003,3471.656,0.02,0.02
12.04.2021 08:57:20.334 GMT+0100,3476.303,3471.656,0.0075,0.02
12.04.2021 08:58:39.783 GMT+0100,3475.303,3471.5740000000005,0.0075,0.02
12.04.2021 08:58:39.833 GMT+0100,3476.221,3471.7790000000005,0.02,0.02
12.04.2021 08:58:47.685 GMT+0100,3476.262,3473,0.02,0.0075
12.04.2021 08:58:48.274 GMT+0100,3476.3440000000005,3471.7790000000005,0.02,0.02
12.04.2021 08:58:54.299 GMT+0100,3476.3440000000005,3472.82,0.02,0.0075
12.04.2021 08:58:54.593 GMT+0100,3476.221,3471.492,0.02,0.02
12.04.2021 08:58:58.896 GMT+0100,3476.426,3473.82,0.0075,0.0075
12.04.2021 08:58:58.946 GMT+0100,3479.221,3474.451,0.02,0.02
12.04.2021 08:59:07.422 GMT+0100,3478.385,3474.6150000000002,0.0075,0.02
12.04.2021 08:59:16.462 GMT+0100,3479.385,3474.82,0.02,0.02
12.04.2021 08:59:16.958 GMT+0100,3478,3474.7790000000005,0.0075,0.02
12.04.2021 08:59:17.059 GMT+0100,3479.426,3474.533,0.02,0.02
12.04.2021 08:59:18.391 GMT+0100,3478.5490000000004,3475,0.0075,0.02
12.04.2021 08:59:20.207 GMT+0100,3479.1800000000003,3474.656,0.02,0.02
12.04.2021 08:59:20.289 GMT+0100,3478,3474.697,0.02,0.02
12.04.2021 08:59:20.339 GMT+0100,3479.3440000000005,3475,0.02,0.02
12.04.2021 08:59:20.389 GMT+0100,3478.426,3474.5740000000005,0.02,0.02
12.04.2021 09:00:36.346 GMT+0100,3479.1800000000003,3475,0.02,0.02
12.04.2021 09:00:59.200 GMT+0100,3480.3440000000005,3474.697,0.02,0.02
12.04.2021 09:00:59.250 GMT+0100,3482.303,3476.6150000000002,0.02,0.02
12.04.2021 09:00:59.403 GMT+0100,3484.3440000000005,3478.656,0.02,0.02
12.04.2021 09:00:59.819 GMT+0100,3483.467,3477.7790000000005,0.02,0.02
12.04.2021 09:01:20.133 GMT+0100,3481.508,3477.7790000000005,0.0075,0.0075
12.04.2021 09:01:20.183 GMT+0100,3481.303,3476.82,0.02,0.02
12.04.2021 09:01:20.950 GMT+0100,3480.467,3476.738,0.02,0.02
12.04.2021 09:01:21.103 GMT+0100,3481.426,3476.451,0.02,0.02
12.04.2021 09:01:54.183 GMT+0100,3479.1800000000003,3476.492,0.0075,0.02
12.04.2021 09:01:54.789 GMT+0100,3482.385,3477.738,0.02,0.02
12.04.2021 09:01:54.912 GMT+0100,3481,3477.6150000000002,0.0075,0.0075
12.04.2021 09:01:54.963 GMT+0100,3481.426,3476.656,0.02,0.02
12.04.2021 09:01:55.353 GMT+0100,3481.303,3475.697,0.02,0.02
12.04.2021 09:01:55.736 GMT+0100,3481.467,3476.7790000000005,0.02,0.02
12.04.2021 09:02:01.117 GMT+0100,3482.3440000000005,3477,0.02,0.02
12.04.2021 09:02:01.384 GMT+0100,3482.262,3478.738,0.02,0.02
12.04.2021 09:02:02.300 GMT+0100,3480,3478.697,0.0075,0.02
12.04.2021 09:02:07.389 GMT+0100,3480.5490000000004,3475.7790000000005,0.02,0.02
12.04.2021 09:02:07.508 GMT+0100,3480.5490000000004,3476.82,0.02,0.0075
12.04.2021 09:02:34.145 GMT+0100,3480.508,3475.451,0.02,0.02
12.04.2021 09:02:46.436 GMT+0100,3479.467,3476,0.02,0.02
12.04.2021 09:02:46.555 GMT+0100,3480.262,3475.6150000000002,0.02,0.02
12.04.2021 09:03:04.205 GMT+0100,3480.303,3476.697,0.02,0.0075
12.04.2021 09:03:04.389 GMT+0100,3480.385,3475.656,0.02,0.02
12.04.2021 09:03:05.172 GMT+0100,3480.262,3476.492,0.02,0.0075
12.04.2021 09:03:08.096 GMT+0100,3479.467,3476.82,0.0075,0.0075
12.04.2021 09:03:08.147 GMT+0100,3478.385,3473,0.02,0.02
12.04.2021 09:03:08.197 GMT+0100,3476.221,3472.738,0.02,0.02
12.04.2021 09:03:08.350 GMT+0100,3475.262,3470.5740000000005,0.02,0.02
12.04.2021 09:03:08.462 GMT+0100,3476.426,3470.533,0.02,0.02
12.04.2021 09:03:08.563 GMT+0100,3477,3471.656,0.02,0.02
12.04.2021 09:03:08.673 GMT+0100,3477.385,3472.533,0.02,0.02
12.04.2021 09:03:08.778 GMT+0100,3478.262,3472.5740000000005,0.02,0.02
12.04.2021 09:03:08.829 GMT+0100,3477.1800000000003,3472.451,0.02,0.02
12.04.2021 09:03:09.056 GMT+0100,3477.3440000000005,3472,0.02,0.02
12.04.2021 09:03:09.116 GMT+0100,3477.1800000000003,3472.738,0.02,0.0075
12.04.2021 09:03:13.116 GMT+0100,3477,3473.6150000000002,0.0075,0.0075
12.04.2021 09:03:13.166 GMT+0100,3478.221,3473.5740000000005,0.02,0.02
12.04.2021 09:03:13.217 GMT+0100,3478.385,3472.5740000000005,0.02,0.02
12.04.2021 09:03:13.317 GMT+0100,3477.221,3473,0.02,0.02
12.04.2021 09:03:23.948 GMT+0100,3476.5490000000004,3472.738,0.0075,0.0075
12.04.2021 09:03:23.998 GMT+0100,3476.3440000000005,3471.5740000000005,0.02,0.02
12.04.2021 09:03:24.855 GMT+0100,3477,3471.451,0.02,0.02
12.04.2021 09:03:25.716 GMT+0100,3476.3440000000005,3472,0.02,0.02
12.04.2021 09:03:37.199 GMT+0100,3476.5490000000004,3472.6150000000002,0.0075,0.0075
12.04.2021 09:03:37.249 GMT+0100,3477.508,3472.492,0.02,0.02
12.04.2021 09:03:47.536 GMT+0100,3476.508,3472.6150000000002,0.0075,0.02
12.04.2021 09:03:47.759 GMT+0100,3477.221,3472.738,0.02,0.02
12.04.2021 09:03:51.767 GMT+0100,3476.3440000000005,3472.6150000000002,0.0075,0.02
12.04.2021 09:03:56.152 GMT+0100,3475.467,3472.656,0.02,0.02
12.04.2021 09:03:56.288 GMT+0100,3476.3440000000005,3472.697,0.02,0.02
12.04.2021 09:04:22.272 GMT+0100,3475.467,3473,0.0075,0.0075
12.04.2021 09:04:22.323 GMT+0100,3473,3468.533,0.02,0.02
12.04.2021 09:04:22.432 GMT+0100,3474.1800000000003,3469.451,0.02,0.02
12.04.2021 09:04:22.562 GMT+0100,3474.3440000000005,3468.656,0.02,0.02
12.04.2021 09:04:23.809 GMT+0100,3473.1800000000003,3468.7790000000005,0.0075,0.02
12.04.2021 09:04:51.352 GMT+0100,3472.5490000000004,3467.6150000000002,0.02,0.02
12.04.2021 09:04:51.454 GMT+0100,3473.426,3467.82,0.02,0.02
12.04.2021 09:04:56.466 GMT+0100,3472.426,3467.451,0.0075,0.02
12.04.2021 09:04:56.567 GMT+0100,3472.3440000000005,3466.7790000000005,0.02,0.02
12.04.2021 09:04:56.720 GMT+0100,3471.303,3466.82,0.0075,0.02
12.04.2021 09:04:56.770 GMT+0100,3471.508,3465.6150000000002,0.02,0.02
12.04.2021 09:04:57.104 GMT+0100,3471.262,3466.738,0.0075,0.0075
12.04.2021 09:04:57.154 GMT+0100,3472.1800000000003,3466.656,0.02,0.02
12.04.2021 09:04:58.935 GMT+0100,3471.426,3466.656,0.0075,0.02
12.04.2021 09:05:09.069 GMT+0100,3470.5490000000004,3465.7790000000005,0.02,0.02
12.04.2021 09:05:09.218 GMT+0100,3471.426,3465.697,0.02,0.02
12.04.2021 09:05:09.269 GMT+0100,3471,3466.738,0.02,0.02
12.04.2021 09:05:09.432 GMT+0100,3471.221,3465.5740000000005,0.02,0.02
12.04.2021 09:05:10.784 GMT+0100,3471.385,3466.533,0.02,0.0075
12.04.2021 09:05:17.888 GMT+0100,3471.5490000000004,3465.738,0.02,0.02
12.04.2021 09:05:17.938 GMT+0100,3470.221,3465.82,0.02,0.02
12.04.2021 09:05:20.951 GMT+0100,3470.426,3465,0.02,0.02
12.04.2021 09:05:21.001 GMT+0100,3469.1800000000003,3463.6150000000002,0.02,0.02
12.04.2021 09:05:21.260 GMT+0100,3469.508,3464.82,0.0075,0.0075
12.04.2021 09:05:21.310 GMT+0100,3470.508,3464.5740000000005,0.02,0.02
12.04.2021 09:05:21.475 GMT+0100,3470.1800000000003,3464,0.02,0.02
12.04.2021 09:05:21.784 GMT+0100,3469.426,3463.451,0.0075,0.02
12.04.2021 09:05:22.582 GMT+0100,3470.5490000000004,3464.738,0.02,0.02
12.04.2021 09:05:23.596 GMT+0100,3469.1800000000003,3464.5740000000005,0.0075,0.0075
12.04.2021 09:05:23.646 GMT+0100,3469.3440000000005,3464,0.02,0.02
12.04.2021 09:05:23.933 GMT+0100,3470.467,3463.738,0.02,0.02
12.04.2021 09:05:24.116 GMT+0100,3470.262,3464.738,0.02,0.02
12.04.2021 09:05:33.205 GMT+0100,3469.1800000000003,3464.492,0.0075,0.02
12.04.2021 09:05:38.873 GMT+0100,3469.5490000000004,3463.451,0.02,0.02
12.04.2021 09:05:40.078 GMT+0100,3469.303,3464.451,0.02,0.02
12.04.2021 09:05:43.378 GMT+0100,3469.303,3463.492,0.02,0.02
12.04.2021 09:05:44.125 GMT+0100,3469.508,3467.82,0.0075,0.0075
12.04.2021 09:05:44.175 GMT+0100,3473.508,3467,0.02,0.02
12.04.2021 09:05:44.276 GMT+0100,3473.5490000000004,3468.451,0.02,0.02
12.04.2021 09:05:44.380 GMT+0100,3472.467,3468.5740000000005,0.02,0.02
12.04.2021 09:05:44.490 GMT+0100,3469.5490000000004,3464.451,0.02,0.02
12.04.2021 09:05:44.540 GMT+0100,3469,3467.738,0.02,0.02
12.04.2021 09:05:44.770 GMT+0100,3471.5490000000004,3467.5740000000005,0.02,0.02
12.04.2021 09:05:45.108 GMT+0100,3469.262,3467.533,0.0075,0.02
12.04.2021 09:05:45.783 GMT+0100,3471.426,3468,0.02,0.02
12.04.2021 09:05:45.874 GMT+0100,3470.3440000000005,3467.738,0.0075,0.0075
12.04.2021 09:05:45.924 GMT+0100,3470.262,3463.82,0.02,0.02
12.04.2021 09:05:45.986 GMT+0100,3468.221,3464.82,0.0075,0.0075
12.04.2021 09:05:46.036 GMT+0100,3469.262,3463.451,0.02,0.02
12.04.2021 09:05:46.342 GMT+0100,3468.508,3463.738,0.0075,0.02
12.04.2021 09:05:47.439 GMT+0100,3468.5490000000004,3464.7790000000005,0.02,0.0075
12.04.2021 09:05:48.510 GMT+0100,3468.467,3465.82,0.02,0.02
12.04.2021 09:06:04.550 GMT+0100,3468.5490000000004,3463,0.02,0.02
12.04.2021 09:06:15.920 GMT+0100,3467.303,3462.492,0.02,0.02
12.04.2021 09:06:19.441 GMT+0100,3468.1800000000003,3462.6150000000002,0.02,0.02
12.04.2021 09:06:19.492 GMT+0100,3471.426,3466.533,0.02,0.02
12.04.2021 09:06:19.760 GMT+0100,3469.303,3466.492,0.0075,0.02
12.04.2021 09:06:19.810 GMT+0100,3468.221,3463.492,0.02,0.02
12.04.2021 09:06:20.013 GMT+0100,3469.467,3463.533,0.02,0.02
12.04.2021 09:06:20.238 GMT+0100,3468,3463.6150000000002,0.02,0.02
12.04.2021 09:06:26.313 GMT+0100,3468.1800000000003,3464.7790000000005,0.02,0.02
12.04.2021 09:06:26.454 GMT+0100,3467.221,3463.451,0.02,0.02
12.04.2021 09:06:26.504 GMT+0100,3468,3463.6150000000002,0.02,0.02
12.04.2021 09:06:26.786 GMT+0100,3468,3464.533,0.02,0.02
12.04.2021 09:06:28.346 GMT+0100,3469.467,3464.5740000000005,0.02,0.02
12.04.2021 09:06:28.501 GMT+0100,3467.508,3464.656,0.0075,0.02
12.04.2021 09:06:29.626 GMT+0100,3467,3463.492,0.02,0.02
12.04.2021 09:06:34.762 GMT+0100,3468.426,3463.6150000000002,0.02,0.02
12.04.2021 09:06:38.261 GMT+0100,3469.508,3463.697,0.02,0.02
12.04.2021 09:06:38.311 GMT+0100,3470.508,3464.697,0.02,0.02
12.04.2021 09:06:38.459 GMT+0100,3469.262,3465,0.02,0.02
12.04.2021 09:06:48.470 GMT+0100,3470.508,3466.451,0.02,0.02
12.04.2021 09:06:48.638 GMT+0100,3470,3465.533,0.02,0.02
12.04.2021 09:06:48.758 GMT+0100,3470.5490000000004,3467.5740000000005,0.02,0.02
12.04.2021 09:07:00.061 GMT+0100,3474.385,3467.6150000000002,0.02,0.02
12.04.2021 09:07:00.112 GMT+0100,3473.262,3467.738,0.02,0.02
12.04.2021 09:07:00.237 GMT+0100,3474.262,3467.5740000000005,0.02,0.02
12.04.2021 09:07:01.325 GMT+0100,3473.262,3467.451,0.0075,0.02
12.04.2021 09:07:03.166 GMT+0100,3472.5490000000004,3467.5740000000005,0.02,0.02
12.04.2021 09:07:03.564 GMT+0100,3473.3440000000005,3467.82,0.02,0.02
12.04.2021 09:07:05.496 GMT+0100,3473.303,3468.492,0.02,0.02
12.04.2021 09:07:20.217 GMT+0100,3474.303,3469,0.02,0.02
12.04.2021 09:07:20.268 GMT+0100,3473.5490000000004,3468.492,0.02,0.02
12.04.2021 09:07:24.211 GMT+0100,3472.221,3468.5740000000005,0.0075,0.02
12.04.2021 09:07:24.261 GMT+0100,3473.385,3468.7790000000005,0.02,0.02
12.04.2021 09:07:40.104 GMT+0100,3472.262,3468.697,0.0075,0.02
12.04.2021 09:07:40.205 GMT+0100,3473.467,3468.656,0.02,0.02
12.04.2021 09:07:42.987 GMT+0100,3473.385,3469.738,0.0075,0.0075
12.04.2021 09:07:46.001 GMT+0100,3473.3440000000005,3470.6150000000002,0.0075,0.0075
12.04.2021 09:07:46.051 GMT+0100,3473.1800000000003,3467.533,0.02,0.02
12.04.2021 09:07:46.228 GMT+0100,3472,3468,0.02,0.02
12.04.2021 09:07:51.210 GMT+0100,3471.385,3467.697,0.02,0.02
12.04.2021 09:07:52.430 GMT+0100,3472.262,3467.7790000000005,0.02,0.02
12.04.2021 09:07:58.512 GMT+0100,3471,3467.5740000000005,0.0075,0.02
12.04.2021 09:08:22.568 GMT+0100,3470.385,3467.6150000000002,0.0075,0.02
12.04.2021 09:08:25.264 GMT+0100,3469.385,3464.451,0.02,0.02
12.04.2021 09:08:25.315 GMT+0100,3469.221,3464,0.02,0.02
12.04.2021 09:08:25.715 GMT+0100,3470.5490000000004,3464.5740000000005,0.02,0.02
12.04.2021 09:08:25.844 GMT+0100,3470.426,3465.82,0.02,0.02
12.04.2021 09:08:26.582 GMT+0100,3469.1800000000003,3465.656,0.0075,0.02
12.04.2021 09:08:28.605 GMT+0100,3468.221,3465.738,0.0075,0.02
12.04.2021 09:08:57.744 GMT+0100,3467.5490000000004,3465.451,0.0075,0.0075
12.04.2021 09:08:57.794 GMT+0100,3467,3462.6150000000002,0.02,0.02
12.04.2021 09:08:57.896 GMT+0100,3466.262,3462.6150000000002,0.0075,0.02
12.04.2021 09:08:57.946 GMT+0100,3466.1800000000003,3461.6150000000002,0.02,0.02
12.04.2021 09:08:57.997 GMT+0100,3467.467,3461.492,0.02,0.02
12.04.2021 09:08:58.296 GMT+0100,3467.303,3463.738,0.0075,0.0075
12.04.2021 09:08:58.346 GMT+0100,3468.5490000000004,3463.697,0.02,0.02
12.04.2021 09:08:59.112 GMT+0100,3467.262,3464,0.0075,0.02
12.04.2021 09:09:30.700 GMT+0100,3466.467,3463.738,0.0075,0.02
12.04.2021 09:09:53.605 GMT+0100,3467.385,3463.492,0.02,0.02
12.04.2021 09:10:23.133 GMT+0100,3467.385,3464.533,0.02,0.02
12.04.2021 09:10:23.244 GMT+0100,3467.1800000000003,3463.5740000000005,0.02,0.02
12.04.2021 09:10:36.950 GMT+0100,3466.303,3463.451,0.0075,0.02
12.04.2021 09:10:37.118 GMT+0100,3467.262,3463.82,0.02,0.02
12.04.2021 09:10:37.965 GMT+0100,3466.1800000000003,3464,0.0075,0.02
12.04.2021 09:10:38.065 GMT+0100,3467.221,3463.492,0.02,0.02
12.04.2021 09:10:51.781 GMT+0100,3467.1800000000003,3464.656,0.02,0.0075
12.04.2021 09:10:51.881 GMT+0100,3467.467,3463.82,0.02,0.02
12.04.2021 09:10:54.705 GMT+0100,3466.221,3463.6150000000002,0.0075,0.02
12.04.2021 09:11:05.022 GMT+0100,3467.385,3464,0.02,0.02
12.04.2021 09:11:13.056 GMT+0100,3467.426,3464.6150000000002,0.02,0.02
12.04.2021 09:11:13.123 GMT+0100,3467.303,3463.7790000000005,0.02,0.02
12.04.2021 09:12:11.130 GMT+0100,3467.262,3464.533,0.02,0.0075
12.04.2021 09:12:11.288 GMT+0100,3467.262,3463.492,0.02,0.02
12.04.2021 09:13:35.208 GMT+0100,3467.1800000000003,3464.82,0.02,0.0075
12.04.2021 09:13:35.352 GMT+0100,3467,3464,0.02,0.02
12.04.2021 09:14:05.434 GMT+0100,3466.1800000000003,3464,0.02,0.02
12.04.2021 09:14:05.576 GMT+0100,3467.1800000000003,3463.697,0.02,0.02
12.04.2021 09:14:57.566 GMT+0100,3465.303,3463.656,0.0075,0.0075
12.04.2021 09:14:57.616 GMT+0100,3465.1800000000003,3461.533,0.02,0.02
12.04.2021 09:14:57.762 GMT+0100,3466.426,3461.492,0.02,0.02
12.04.2021 09:14:57.813 GMT+0100,3465.303,3462.451,0.02,0.02
12.04.2021 09:14:57.963 GMT+0100,3465.426,3461.533,0.02,0.02
12.04.2021 09:14:58.178 GMT+0100,3466.1800000000003,3461.697,0.02,0.02
12.04.2021 09:14:59.205 GMT+0100,3465.426,3461.6150000000002,0.0075,0.02
12.04.2021 09:14:59.925 GMT+0100,3464.262,3461.6150000000002,0.02,0.02
12.04.2021 09:15:27.994 GMT+0100,3463.1800000000003,3461.533,0.02,0.02
12.04.2021 09:15:28.171 GMT+0100,3463.303,3460,0.02,0.02
12.04.2021 09:15:28.222 GMT+0100,3463.262,3457.451,0.02,0.02
12.04.2021 09:15:28.342 GMT+0100,3462.1800000000003,3457.738,0.0075,0.02
12.04.2021 09:15:28.616 GMT+0100,3462.303,3459.451,0.0075,0.0075
12.04.2021 09:15:28.666 GMT+0100,3463.1800000000003,3459.738,0.02,0.02
12.04.2021 09:15:28.870 GMT+0100,3461.508,3457.7790000000005,0.02,0.02
12.04.2021 09:15:28.924 GMT+0100,3461.3440000000005,3456.82,0.02,0.02
12.04.2021 09:15:28.975 GMT+0100,3462.5490000000004,3456.451,0.02,0.02
12.04.2021 09:15:29.025 GMT+0100,3462.426,3458.6150000000002,0.02,0.02
12.04.2021 09:15:31.705 GMT+0100,3463.385,3458.6150000000002,0.02,0.02
12.04.2021 09:15:34.372 GMT+0100,3462.262,3458.5740000000005,0.0075,0.02
12.04.2021 09:15:41.695 GMT+0100,3461.467,3458.492,0.0075,0.0075
12.04.2021 09:15:41.745 GMT+0100,3461,3457.533,0.02,0.02
12.04.2021 09:15:41.846 GMT+0100,3460.426,3455.451,0.02,0.02
12.04.2021 09:15:42.018 GMT+0100,3460.385,3454.697,0.02,0.02
12.04.2021 09:15:42.459 GMT+0100,3460.303,3455.5740000000005,0.02,0.02
12.04.2021 09:15:45.704 GMT+0100,3462.1800000000003,3457.738,0.02,0.02
12.04.2021 09:15:53.748 GMT+0100,3461.262,3457.656,0.0075,0.02
12.04.2021 09:15:54.806 GMT+0100,3460.426,3457.7790000000005,0.0075,0.02
12.04.2021 09:16:02.457 GMT+0100,3461,3457.492,0.02,0.02
12.04.2021 09:16:02.548 GMT+0100,3461.221,3458.6150000000002,0.0075,0.0075
12.04.2021 09:16:02.599 GMT+0100,3463.262,3458.697,0.02,0.02
12.04.2021 09:16:04.688 GMT+0100,3463.508,3457.738,0.02,0.02
12.04.2021 09:16:04.832 GMT+0100,3462.385,3460,0.0075,0.0075
12.04.2021 09:16:04.962 GMT+0100,3462.467,3458.82,0.02,0.02
12.04.2021 09:16:09.932 GMT+0100,3462.385,3456.451,0.02,0.02
12.04.2021 09:16:10.838 GMT+0100,3461,3456.656,0.0075,0.02
12.04.2021 09:16:10.938 GMT+0100,3462.3440000000005,3456.738,0.02,0.02
12.04.2021 09:16:14.891 GMT+0100,3462,3458,0.02,0.02
12.04.2021 09:16:23.529 GMT+0100,3462,3458.5740000000005,0.0075,0.0075
12.04.2021 09:16:23.579 GMT+0100,3465.303,3460.656,0.02,0.02
12.04.2021 09:16:23.630 GMT+0100,3464.3440000000005,3460.451,0.02,0.02
12.04.2021 09:16:23.680 GMT+0100,3464.385,3458.82,0.02,0.02
12.04.2021 09:16:32.865 GMT+0100,3464.303,3461.6150000000002,0.02,0.0075
12.04.2021 09:16:32.966 GMT+0100,3465.221,3461.82,0.02,0.02
12.04.2021 09:16:47.527 GMT+0100,3464.5490000000004,3458.6150000000002,0.02,0.02
12.04.2021 09:16:47.904 GMT+0100,3463.5490000000004,3458.656,0.0075,0.0075
12.04.2021 09:16:47.955 GMT+0100,3463.3440000000005,3457.492,0.02,0.02
12.04.2021 09:16:48.005 GMT+0100,3464.385,3458.5740000000005,0.02,0.02
12.04.2021 09:16:56.402 GMT+0100,3464.508,3459.738,0.02,0.0075
12.04.2021 09:16:56.679 GMT+0100,3464.426,3458.533,0.02,0.02
12.04.2021 09:17:24.033 GMT+0100,3463.3440000000005,3458.492,0.02,0.02
12.04.2021 09:17:24.084 GMT+0100,3463.508,3457.6150000000002,0.02,0.02
12.04.2021 09:17:24.470 GMT+0100,3463.467,3458.82,0.02,0.0075
12.04.2021 09:18:12.159 GMT+0100,3464.1800000000003,3458.533,0.02,0.02
12.04.2021 09:18:17.203 GMT+0100,3464.262,3459.7790000000005,0.02,0.02
12.04.2021 09:18:17.753 GMT+0100,3464,3460.5740000000005,0.02,0.0075
12.04.2021 09:18:17.853 GMT+0100,3464.262,3459.738,0.02,0.02
12.04.2021 09:18:18.012 GMT+0100,3464,3458.6150000000002,0.02,0.02
12.04.2021 09:18:18.941 GMT+0100,3463.262,3458.451,0.02,0.02
12.04.2021 09:18:20.141 GMT+0100,3461.303,3458.656,0.0075,0.02
12.04.2021 09:18:20.351 GMT+0100,3461.5490000000004,3457.656,0.02,0.02
12.04.2021 09:18:20.402 GMT+0100,3461.262,3458.656,0.02,0.02
12.04.2021 09:18:25.487 GMT+0100,3461.262,3457.533,0.02,0.02
12.04.2021 09:18:46.001 GMT+0100,3460.221,3457.6150000000002,0.02,0.02
12.04.2021 09:18:46.051 GMT+0100,3460.5490000000004,3457,0.02,0.02
12.04.2021 09:18:46.102 GMT+0100,3461.467,3456.697,0.02,0.02
12.04.2021 09:18:46.202 GMT+0100,3460.467,3456.492,0.02,0.02
12.04.2021 09:18:47.024 GMT+0100,3459.467,3456.533,0.0075,0.0075
12.04.2021 09:18:47.074 GMT+0100,3459.508,3454.451,0.02,0.02
12.04.2021 09:18:47.125 GMT+0100,3460.262,3454.82,0.02,0.02
12.04.2021 09:18:47.175 GMT+0100,3459.426,3453.451,0.02,0.02
12.04.2021 09:18:48.928 GMT+0100,3457.262,3453.451,0.0075,0.02
12.04.2021 09:18:48.979 GMT+0100,3457.303,3452.6150000000002,0.02,0.02
12.04.2021 09:18:49.029 GMT+0100,3456.1800000000003,3451.697,0.02,0.02
12.04.2021 09:18:49.130 GMT+0100,3456,3452.492,0.02,0.02
12.04.2021 09:18:49.996 GMT+0100,3457.385,3452.6150000000002,0.02,0.02
12.04.2021 09:18:54.117 GMT+0100,3455.221,3452.697,0.0075,0.02
12.04.2021 09:19:04.864 GMT+0100,3457,3452.7790000000005,0.02,0.02
12.04.2021 09:19:26.494 GMT+0100,3456.303,3452.533,0.0075,0.02
12.04.2021 09:19:26.544 GMT+0100,3457.467,3452.697,0.02,0.02
12.04.2021 09:19:26.594 GMT+0100,3456.303,3452.5740000000005,0.02,0.02
12.04.2021 09:19:38.977 GMT+0100,3454.385,3452.82,0.0075,0.02
12.04.2021 09:20:21.756 GMT+0100,3454.221,3452,0.02,0.02
12.04.2021 09:20:26.967 GMT+0100,3454.221,3450.7790000000005,0.02,0.02
12.04.2021 09:20:38.558 GMT+0100,3454.467,3449.697,0.02,0.02
12.04.2021 09:20:40.145 GMT+0100,3454.262,3451,0.02,0.02
12.04.2021 09:20:42.513 GMT+0100,3454.1800000000003,3449.82,0.02,0.02
12.04.2021 09:20:42.804 GMT+0100,3454,3450.5740000000005,0.02,0.0075
12.04.2021 09:21:00.134 GMT+0100,3454,3449.656,0.02,0.02
12.04.2021 09:21:03.338 GMT+0100,3453.262,3449.656,0.02,0.02
12.04.2021 09:21:03.388 GMT+0100,3454.303,3449.7790000000005,0.02,0.02
12.04.2021 09:21:04.130 GMT+0100,3453.426,3449.7790000000005,0.02,0.02
12.04.2021 09:21:04.240 GMT+0100,3454.303,3449.451,0.02,0.02
12.04.2021 09:21:15.559 GMT+0100,3452.467,3449.6150000000002,0.0075,0.02
12.04.2021 09:21:30.562 GMT+0100,3454.303,3449.5740000000005,0.02,0.02
12.04.2021 09:21:30.920 GMT+0100,3453.262,3449.697,0.0075,0.02
12.04.2021 09:21:31.021 GMT+0100,3454.5490000000004,3449.5740000000005,0.02,0.02
12.04.2021 09:21:56.732 GMT+0100,3454.262,3451.533,0.0075,0.0075
12.04.2021 09:21:56.783 GMT+0100,3456.385,3451.492,0.02,0.02
12.04.2021 09:21:56.833 GMT+0100,3455.262,3450.738,0.02,0.02
12.04.2021 09:21:58.214 GMT+0100,3456.385,3451.738,0.02,0.02
12.04.2021 09:21:58.315 GMT+0100,3456.5490000000004,3450.656,0.02,0.02
12.04.2021 09:22:07.371 GMT+0100,3456.5490000000004,3451.7790000000005,0.02,0.0075
12.04.2021 09:22:07.422 GMT+0100,3457.3440000000005,3451.82,0.02,0.02
12.04.2021 09:22:15.830 GMT+0100,3457.262,3452.697,0.02,0.0075
12.04.2021 09:22:17.181 GMT+0100,3458.303,3452.738,0.02,0.02
12.04.2021 09:22:22.413 GMT+0100,3457.5490000000004,3452.82,0.02,0.02
12.04.2021 09:22:30.896 GMT+0100,3454.467,3452.82,0.0075,0.0075
12.04.2021 09:22:30.946 GMT+0100,3454.262,3450.656,0.02,0.02
12.04.2021 09:22:30.997 GMT+0100,3455.1800000000003,3450.533,0.02,0.02
12.04.2021 09:22:47.215 GMT+0100,3454.467,3450.533,0.02,0.02
12.04.2021 09:22:54.168 GMT+0100,3455.385,3450.697,0.02,0.02
12.04.2021 09:22:56.548 GMT+0100,3454.3440000000005,3450.697,0.0075,0.02
12.04.2021 09:23:35.262 GMT+0100,3454,3450,0.02,0.02
12.04.2021 09:23:35.313 GMT+0100,3453.1800000000003,3449.451,0.02,0.02
12.04.2021 09:23:35.426 GMT+0100,3454.1800000000003,3449.82,0.02,0.02
12.04.2021 09:23:35.764 GMT+0100,3452.3440000000005,3449.5740000000005,0.0075,0.02
12.04.2021 09:23:39.655 GMT+0100,3452.508,3448,0.02,0.02
12.04.2021 09:23:39.758 GMT+0100,3452.5490000000004,3446.738,0.02,0.02
12.04.2021 09:23:39.809 GMT+0100,3451.467,3446,0.02,0.02
12.04.2021 09:23:40.316 GMT+0100,3451.1800000000003,3446.533,0.02,0.0075
12.04.2021 09:23:42.398 GMT+0100,3450.303,3446.451,0.0075,0.02
12.04.2021 09:24:08.376 GMT+0100,3450.385,3445.7790000000005,0.02,0.02
12.04.2021 09:24:10.628 GMT+0100,3450,3446.82,0.02,0.0075
12.04.2021 09:24:38.933 GMT+0100,3452.467,3446.697,0.02,0.02
12.04.2021 09:24:38.984 GMT+0100,3452.467,3448.82,0.02,0.02
12.04.2021 09:25:03.987 GMT+0100,3454,3449.492,0.02,0.02
12.04.2021 09:25:04.105 GMT+0100,3455.262,3449.6150000000002,0.02,0.02
12.04.2021 09:25:04.176 GMT+0100,3455.221,3451.451,0.02,0.0075
12.04.2021 09:25:08.093 GMT+0100,3456.467,3451.697,0.02,0.02
12.04.2021 09:25:18.609 GMT+0100,3457.467,3451.697,0.02,0.02
12.04.2021 09:25:31.818 GMT+0100,3456.262,3451.533,0.02,0.02
12.04.2021 09:25:42.163 GMT+0100,3457,3451.6150000000002,0.02,0.02
12.04.2021 09:25:43.300 GMT+0100,3456.426,3451.6150000000002,0.0075,0.02
12.04.2021 09:26:17.101 GMT+0100,3456.426,3452.656,0.02,0.02
12.04.2021 09:26:29.378 GMT+0100,3456.467,3451.656,0.02,0.02
12.04.2021 09:26:29.429 GMT+0100,3456.303,3452.5740000000005,0.02,0.02
12.04.2021 09:26:29.539 GMT+0100,3456.467,3451.738,0.02,0.02
12.04.2021 09:26:30.644 GMT+0100,3456.467,3452.533,0.02,0.0075
12.04.2021 09:26:42.905 GMT+0100,3456,3451.451,0.02,0.02
12.04.2021 09:26:53.208 GMT+0100,3455.1800000000003,3451.738,0.02,0.02
12.04.2021 09:26:53.258 GMT+0100,3456.262,3451.7790000000005,0.02,0.02
12.04.2021 09:26:55.865 GMT+0100,3455.426,3452,0.0075,0.02
12.04.2021 09:26:56.131 GMT+0100,3456.508,3451.697,0.02,0.02
12.04.2021 09:27:04.703 GMT+0100,3455.385,3451.82,0.0075,0.02
12.04.2021 09:27:04.804 GMT+0100,3456.467,3451.5740000000005,0.02,0.02
12.04.2021 09:27:08.049 GMT+0100,3455.467,3451.451,0.0075,0.02
12.04.2021 09:27:08.100 GMT+0100,3456.1800000000003,3451.656,0.02,0.02
12.04.2021 09:27:19.756 GMT+0100,3455.1800000000003,3451.656,0.02,0.02
12.04.2021 09:27:35.783 GMT+0100,3454.221,3451.492,0.0075,0.02
12.04.2021 09:27:35.883 GMT+0100,3455,3451.82,0.02,0.02
12.04.2021 09:27:47.703 GMT+0100,3454.5490000000004,3451.697,0.02,0.02
12.04.2021 09:27:50.221 GMT+0100,3453.5490000000004,3449,0.02,0.02
12.04.2021 09:27:50.709 GMT+0100,3451.303,3448.533,0.0075,0.0075
12.04.2021 09:27:50.759 GMT+0100,3451.303,3446.7790000000005,0.02,0.02
12.04.2021 09:27:50.859 GMT+0100,3450.303,3445.451,0.02,0.02
12.04.2021 09:27:53.224 GMT+0100,3451.1800000000003,3445.451,0.02,0.02
12.04.2021 09:27:54.705 GMT+0100,3450.3440000000005,3445.533,0.0075,0.02
12.04.2021 09:28:17.830 GMT+0100,3449.262,3445.82,0.0075,0.0075
12.04.2021 09:28:17.880 GMT+0100,3449.426,3444.6150000000002,0.02,0.02
12.04.2021 09:28:18.031 GMT+0100,3449.3440000000005,3443.451,0.02,0.02
12.04.2021 09:28:18.321 GMT+0100,3448.3440000000005,3443.7790000000005,0.0075,0.02
12.04.2021 09:28:35.211 GMT+0100,3448.467,3444.656,0.02,0.02
12.04.2021 09:28:44.821 GMT+0100,3448,3443.5740000000005,0.02,0.02
12.04.2021 09:29:04.527 GMT+0100,3447.1800000000003,3443.82,0.02,0.02
12.04.2021 09:30:03.609 GMT+0100,3447.385,3444.738,0.0075,0.0075
12.04.2021 09:30:03.659 GMT+0100,3449.1800000000003,3444.7790000000005,0.02,0.02
12.04.2021 09:30:13.764 GMT+0100,3449.1800000000003,3445.6150000000002,0.02,0.0075
12.04.2021 09:30:14.754 GMT+0100,3450.221,3446.451,0.02,0.02
12.04.2021 09:30:16.842 GMT+0100,3450.508,3448.533,0.0075,0.0075
12.04.2021 09:30:16.892 GMT+0100,3452.508,3448.697,0.02,0.02
12.04.2021 09:31:09.518 GMT+0100,3452.426,3449.738,0.02,0.0075
12.04.2021 09:31:09.568 GMT+0100,3455.5490000000004,3450.656,0.02,0.02
12.04.2021 09:31:10.566 GMT+0100,3456.5490000000004,3450.451,0.02,0.02
12.04.2021 09:31:38.304 GMT+0100,3456.467,3452.738,0.0075,0.0075
12.04.2021 09:31:38.355 GMT+0100,3457,3452.451,0.02,0.02
12.04.2021 09:31:40.337 GMT+0100,3456.1800000000003,3452.82,0.0075,0.0075
12.04.2021 09:31:40.388 GMT+0100,3456.467,3451.82,0.02,0.02
12.04.2021 09:31:40.438 GMT+0100,3457.3440000000005,3452.656,0.02,0.02
12.04.2021 09:31:40.664 GMT+0100,3457.508,3451.533,0.02,0.02
12.04.2021 09:31:41.324 GMT+0100,3456.508,3451.82,0.0075,0.02
12.04.2021 09:32:01.354 GMT+0100,3457.508,3451.533,0.02,0.02
12.04.2021 09:32:02.960 GMT+0100,3457.303,3452.697,0.02,0.0075
12.04.2021 09:32:07.582 GMT+0100,3457.1800000000003,3451.6150000000002,0.02,0.02
12.04.2021 09:32:15.893 GMT+0100,3456.385,3451.697,0.02,0.02
12.04.2021 09:32:22.756 GMT+0100,3457.303,3452.492,0.02,0.02
12.04.2021 09:32:46.256 GMT+0100,3457.5490000000004,3451.82,0.02,0.02
12.04.2021 09:32:46.306 GMT+0100,3456.467,3451.7790000000005,0.02,0.02
12.04.2021 09:32:49.008 GMT+0100,3457,3452,0.02,0.02
12.04.2021 09:32:50.328 GMT+0100,3456.5490000000004,3451.5740000000005,0.0075,0.02
12.04.2021 09:33:05.689 GMT+0100,3457.508,3451.738,0.02,0.02
12.04.2021 09:33:07.437 GMT+0100,3456.467,3451.82,0.0075,0.02
12.04.2021 09:33:27.211 GMT+0100,3456.1800000000003,3453,0.02,0.02
12.04.2021 09:33:43.188 GMT+0100,3456.467,3451.492,0.02,0.02
12.04.2021 09:35:12.238 GMT+0100,3456.508,3452.656,0.02,0.0075
12.04.2021 09:35:12.339 GMT+0100,3456.426,3452,0.02,0.02
12.04.2021 09:35:43.932 GMT+0100,3456,3452.7790000000005,0.0075,0.0075
12.04.2021 09:35:43.983 GMT+0100,3459.262,3454.738,0.02,0.02
12.04.2021 09:35:44.033 GMT+0100,3457.303,3452.451,0.02,0.02
12.04.2021 09:35:44.083 GMT+0100,3459.1800000000003,3452.6150000000002,0.02,0.02
12.04.2021 09:35:44.936 GMT+0100,3458.508,3452.656,0.0075,0.02
12.04.2021 09:35:45.387 GMT+0100,3457.221,3452.6150000000002,0.02,0.02
12.04.2021 09:35:53.162 GMT+0100,3458.508,3452.533,0.02,0.02
12.04.2021 09:35:54.215 GMT+0100,3457.508,3452.82,0.02,0.02
12.04.2021 09:36:08.474 GMT+0100,3457.1800000000003,3453.451,0.02,0.0075
12.04.2021 09:36:08.524 GMT+0100,3458.3440000000005,3453.533,0.02,0.02
12.04.2021 09:36:08.643 GMT+0100,3457.426,3452.5740000000005,0.02,0.02
12.04.2021 09:36:11.333 GMT+0100,3458.221,3453,0.02,0.02
12.04.2021 09:36:11.383 GMT+0100,3457.385,3452.492,0.02,0.02
12.04.2021 09:36:11.521 GMT+0100,3458.303,3452.533,0.02,0.02
12.04.2021 09:36:15.260 GMT+0100,3457.467,3452.5740000000005,0.02,0.02
12.04.2021 09:36:24.482 GMT+0100,3458,3452.656,0.02,0.02
12.04.2021 09:36:24.972 GMT+0100,3457.303,3452.738,0.0075,0.02
12.04.2021 09:36:29.821 GMT+0100,3458.508,3452.7790000000005,0.02,0.02
12.04.2021 09:36:31.611 GMT+0100,3457.1800000000003,3452.738,0.0075,0.02
12.04.2021 09:36:36.591 GMT+0100,3458.3440000000005,3452.533,0.02,0.02
12.04.2021 09:37:01.310 GMT+0100,3457,3452.451,0.0075,0.02
12.04.2021 09:37:09.649 GMT+0100,3458.426,3452.7790000000005,0.02,0.02
12.04.2021 09:37:18.384 GMT+0100,3457.1800000000003,3452.5740000000005,0.0075,0.02
12.04.2021 09:38:06.518 GMT+0100,3456.426,3452.738,0.0075,0.0075
12.04.2021 09:38:06.568 GMT+0100,3456.3440000000005,3451.451,0.02,0.02
12.04.2021 09:38:12.295 GMT+0100,3457.3440000000005,3451.82,0.02,0.02
12.04.2021 09:38:17.512 GMT+0100,3455.467,3451.7790000000005,0.0075,0.02
12.04.2021 09:38:46.816 GMT+0100,3455.426,3453.7790000000005,0.0075,0.0075
12.04.2021 09:38:46.866 GMT+0100,3461.262,3455.656,0.02,0.02
12.04.2021 09:38:46.953 GMT+0100,3461.303,3456.5740000000005,0.0075,0.0075
12.04.2021 09:38:47.004 GMT+0100,3462.508,3456.738,0.02,0.02
12.04.2021 09:38:47.205 GMT+0100,3461.385,3455.451,0.02,0.02
12.04.2021 09:38:47.362 GMT+0100,3462.426,3455.492,0.02,0.02
12.04.2021 09:38:47.832 GMT+0100,3461.262,3455.7790000000005,0.0075,0.02
12.04.2021 09:38:49.816 GMT+0100,3460.385,3455.738,0.02,0.02
12.04.2021 09:38:49.866 GMT+0100,3460.1800000000003,3454.451,0.02,0.02
12.04.2021 09:38:50.638 GMT+0100,3459.221,3453.656,0.02,0.02
12.04.2021 09:38:52.408 GMT+0100,3458.3440000000005,3454.82,0.02,0.02
12.04.2021 09:38:52.459 GMT+0100,3458.508,3453.5740000000005,0.02,0.02
12.04.2021 09:38:59.944 GMT+0100,3456.467,3453.738,0.0075,0.0075
12.04.2021 09:38:59.994 GMT+0100,3456.426,3450.5740000000005,0.02,0.02
12.04.2021 09:39:00.045 GMT+0100,3455,3450.656,0.02,0.02
12.04.2021 09:39:01.618 GMT+0100,3456.508,3450.7790000000005,0.02,0.02
12.04.2021 09:39:03.446 GMT+0100,3455.262,3450.738,0.0075,0.02
12.04.2021 09:39:14.616 GMT+0100,3458.262,3452.5740000000005,0.02,0.02
12.04.2021 09:39:14.767 GMT+0100,3457.385,3452.697,0.02,0.02
12.04.2021 09:39:14.817 GMT+0100,3457.1800000000003,3451.656,0.02,0.02
12.04.2021 09:39:43.533 GMT+0100,3456.303,3450.492,0.02,0.02
12.04.2021 09:39:43.674 GMT+0100,3457.221,3450.6150000000002,0.02,0.02
12.04.2021 09:39:46.563 GMT+0100,3455.262,3450.82,0.02,0.02
12.04.2021 09:42:06.510 GMT+0100,3455.3440000000005,3449.697,0.02,0.02
12.04.2021 09:42:06.561 GMT+0100,3452.1800000000003,3446.5740000000005,0.02,0.02
12.04.2021 09:42:06.708 GMT+0100,3453.467,3447.533,0.02,0.02
12.04.2021 09:42:14.544 GMT+0100,3453.303,3448.6150000000002,0.0075,0.0075
12.04.2021 09:42:14.594 GMT+0100,3454.1800000000003,3448.533,0.02,0.02
12.04.2021 09:42:14.645 GMT+0100,3453.385,3447.7790000000005,0.02,0.02
12.04.2021 09:42:17.730 GMT+0100,3454.385,3447.5740000000005,0.02,0.02
12.04.2021 09:42:17.829 GMT+0100,3453.5490000000004,3447.697,0.0075,0.02
12.04.2021 09:42:23.572 GMT+0100,3453.508,3449,0.02,0.0075
12.04.2021 09:42:23.622 GMT+0100,3454.426,3448.738,0.02,0.02
12.04.2021 09:42:23.672 GMT+0100,3453.1800000000003,3448,0.02,0.02
12.04.2021 09:42:39.178 GMT+0100,3453.262,3448.7790000000005,0.02,0.0075
12.04.2021 09:42:39.229 GMT+0100,3454.1800000000003,3449,0.02,0.02
12.04.2021 09:42:39.434 GMT+0100,3453.5490000000004,3447.5740000000005,0.02,0.02
12.04.2021 09:42:49.762 GMT+0100,3453.385,3448.82,0.02,0.02
12.04.2021 09:42:49.881 GMT+0100,3454.385,3449.492,0.02,0.0075
12.04.2021 09:42:49.932 GMT+0100,3454.426,3448.656,0.02,0.02
12.04.2021 09:43:10.292 GMT+0100,3453.467,3447.533,0.02,0.02
12.04.2021 09:43:10.538 GMT+0100,3453.303,3448.6150000000002,0.0075,0.0075
12.04.2021 09:43:10.589 GMT+0100,3454.303,3448.82,0.02,0.02
12.04.2021 09:43:34.615 GMT+0100,3454.221,3449.6150000000002,0.02,0.0075
12.04.2021 09:43:34.715 GMT+0100,3455.508,3449.533,0.02,0.02
12.04.2021 09:43:38.413 GMT+0100,3455.5490000000004,3450.6150000000002,0.02,0.02
12.04.2021 09:43:53.940 GMT+0100,3455.385,3452,0.0075,0.0075
12.04.2021 09:43:53.990 GMT+0100,3456.303,3451.82,0.02,0.02
12.04.2021 09:43:54.044 GMT+0100,3456.221,3450.451,0.02,0.02
12.04.2021 09:43:54.999 GMT+0100,3455.5490000000004,3450.6150000000002,0.0075,0.02
12.04.2021 09:43:55.050 GMT+0100,3455.303,3449.5740000000005,0.02,0.02
12.04.2021 09:43:55.332 GMT+0100,3455.303,3451,0.02,0.02
12.04.2021 09:43:55.382 GMT+0100,3456.385,3450.492,0.02,0.02
12.04.2021 09:43:58.887 GMT+0100,3455.303,3450.7790000000005,0.0075,0.02
12.04.2021 09:43:58.937 GMT+0100,3456.3440000000005,3450.6150000000002,0.02,0.02
12.04.2021 09:43:59.376 GMT+0100,3455.5490000000004,3449.82,0.02,0.02
12.04.2021 09:43:59.974 GMT+0100,3455.303,3450.492,0.02,0.02
12.04.2021 09:44:00.024 GMT+0100,3456.221,3450.7790000000005,0.02,0.02
12.04.2021 09:44:03.403 GMT+0100,3456.262,3451.533,0.0075,0.0075
12.04.2021 09:44:03.454 GMT+0100,3457.221,3452,0.02,0.02
12.04.2021 09:44:09.601 GMT+0100,3457.508,3452.738,0.02,0.02
12.04.2021 09:44:09.652 GMT+0100,3459.303,3453.451,0.02,0.02
12.04.2021 09:44:09.762 GMT+0100,3459.385,3455.492,0.02,0.02
12.04.2021 09:44:11.536 GMT+0100,3459.221,3456.738,0.0075,0.0075
12.04.2021 09:44:11.586 GMT+0100,3460.467,3456.451,0.02,0.02
12.04.2021 09:44:11.637 GMT+0100,3460.221,3455.451,0.02,0.02
12.04.2021 09:44:36.165 GMT+0100,3459.5490000000004,3456,0.0075,0.02
12.04.2021 09:44:36.399 GMT+0100,3460.3440000000005,3455.82,0.02,0.02
12.04.2021 09:44:39.611 GMT+0100,3459,3455.492,0.0075,0.02
12.04.2021 09:46:03.115 GMT+0100,3459.467,3456.533,0.0075,0.0075
12.04.2021 09:46:03.166 GMT+0100,3460.221,3456.5740000000005,0.02,0.02
12.04.2021 09:46:44.606 GMT+0100,3460.508,3455.5740000000005,0.02,0.02
12.04.2021 09:46:44.656 GMT+0100,3459.3440000000005,3455.6150000000002,0.02,0.02
12.04.2021 09:46:44.762 GMT+0100,3460.3440000000005,3455.533,0.02,0.02
12.04.2021 09:46:53.030 GMT+0100,3460.426,3456.451,0.02,0.02
12.04.2021 09:46:53.096 GMT+0100,3460.262,3455.6150000000002,0.02,0.02
12.04.2021 09:47:06.813 GMT+0100,3460.303,3456.82,0.02,0.02
12.04.2021 09:47:06.863 GMT+0100,3460.1800000000003,3455.7790000000005,0.02,0.02
12.04.2021 09:47:20.061 GMT+0100,3459.1800000000003,3455.7790000000005,0.02,0.02
12.04.2021 09:47:20.191 GMT+0100,3460.1800000000003,3455.738,0.02,0.02
12.04.2021 09:47:28.300 GMT+0100,3459.221,3455.5740000000005,0.0075,0.02
12.04.2021 09:48:07.245 GMT+0100,3458.5490000000004,3453,0.02,0.02
12.04.2021 09:48:10.915 GMT+0100,3458.5490000000004,3453.492,0.02,0.02
12.04.2021 09:48:11.607 GMT+0100,3457.467,3452.82,0.02,0.02
12.04.2021 09:48:42.913 GMT+0100,3456.467,3452.697,0.0075,0.0075
12.04.2021 09:48:42.964 GMT+0100,3456.467,3451.656,0.02,0.02
12.04.2021 09:48:47.019 GMT+0100,3456.385,3452.7790000000005,0.02,0.0075
12.04.2021 09:48:47.184 GMT+0100,3456.303,3452,0.02,0.02
12.04.2021 09:48:50.708 GMT+0100,3455.5490000000004,3451.82,0.0075,0.02
12.04.2021 09:48:50.809 GMT+0100,3456.426,3450.492,0.02,0.02
12.04.2021 09:48:50.859 GMT+0100,3455.303,3450.5740000000005,0.02,0.02
12.04.2021 09:48:57.024 GMT+0100,3454.303,3450.656,0.0075,0.02
12.04.2021 09:48:57.074 GMT+0100,3454,3449.697,0.02,0.02
12.04.2021 09:48:57.131 GMT+0100,3454.262,3450.533,0.0075,0.0075
12.04.2021 09:48:57.181 GMT+0100,3455.221,3450.697,0.02,0.02
12.04.2021 09:49:01.276 GMT+0100,3455.3440000000005,3449.738,0.02,0.02
12.04.2021 09:49:10.042 GMT+0100,3455.3440000000005,3450.6150000000002,0.02,0.0075
12.04.2021 09:49:10.934 GMT+0100,3454.262,3450.6150000000002,0.0075,0.0075
12.04.2021 09:49:10.984 GMT+0100,3454.5490000000004,3449.656,0.02,0.02
12.04.2021 09:50:09.729 GMT+0100,3454,3450.656,0.02,0.0075
12.04.2021 09:50:09.959 GMT+0100,3453.467,3450.492,0.0075,0.0075
12.04.2021 09:50:10.009 GMT+0100,3453.1800000000003,3449.5740000000005,0.02,0.02
12.04.2021 09:50:20.848 GMT+0100,3453,3451.7790000000005,0.0075,0.0075
12.04.2021 09:50:20.898 GMT+0100,3454.385,3451.738,0.02,0.02
12.04.2021 09:50:20.958 GMT+0100,3454.467,3451,0.02,0.02
12.04.2021 09:51:16.599 GMT+0100,3453,3450.82,0.0075,0.0075
12.04.2021 09:51:16.650 GMT+0100,3453.221,3448.492,0.02,0.02
12.04.2021 09:51:16.932 GMT+0100,3452.385,3448.656,0.0075,0.0075
12.04.2021 09:51:16.982 GMT+0100,3452.221,3447.738,0.02,0.02
12.04.2021 09:51:18.496 GMT+0100,3451.303,3447.697,0.0075,0.0075
12.04.2021 09:51:18.547 GMT+0100,3451.426,3446.451,0.02,0.02
12.04.2021 09:51:19.615 GMT+0100,3452.426,3447,0.02,0.02
12.04.2021 09:51:23.445 GMT+0100,3452.426,3447.697,0.02,0.02
12.04.2021 09:51:23.577 GMT+0100,3452.3440000000005,3446.82,0.02,0.02
12.04.2021 09:51:23.672 GMT+0100,3452.467,3447.6150000000002,0.02,0.0075
12.04.2021 09:51:39.038 GMT+0100,3451.5490000000004,3446.5740000000005,0.02,0.02
12.04.2021 09:51:44.212 GMT+0100,3452,3448.697,0.02,0.02
12.04.2021 09:51:44.296 GMT+0100,3452.3440000000005,3447.738,0.02,0.02
12.04.2021 09:52:19.879 GMT+0100,3452.508,3450,0.0075,0.0075
12.04.2021 09:52:19.929 GMT+0100,3453.262,3449.5740000000005,0.02,0.02
12.04.2021 09:52:20.030 GMT+0100,3455.385,3449.6150000000002,0.02,0.02
12.04.2021 09:52:32.936 GMT+0100,3454.5490000000004,3449.533,0.0075,0.02
12.04.2021 09:53:03.219 GMT+0100,3454.385,3450.738,0.02,0.02
12.04.2021 09:53:04.214 GMT+0100,3454.221,3449.656,0.02,0.02
12.04.2021 09:53:39.439 GMT+0100,3453.303,3449.738,0.0075,0.02
12.04.2021 09:53:39.584 GMT+0100,3454.1800000000003,3450,0.02,0.02
12.04.2021 09:54:00.823 GMT+0100,3453,3449.6150000000002,0.0075,0.02
12.04.2021 09:54:02.992 GMT+0100,3453.3440000000005,3448.6150000000002,0.02,0.02
12.04.2021 09:54:32.340 GMT+0100,3452.262,3448.656,0.02,0.02
12.04.2021 09:54:36.912 GMT+0100,3451.5490000000004,3448.492,0.0075,0.02
12.04.2021 09:55:04.938 GMT+0100,3453.5490000000004,3448.451,0.02,0.02
12.04.2021 09:55:19.597 GMT+0100,3452.508,3448.492,0.0075,0.02
12.04.2021 09:55:40.753 GMT+0100,3451.1800000000003,3448.492,0.0075,0.02
12.04.2021 09:55:43.068 GMT+0100,3450.1800000000003,3445.697,0.02,0.02
12.04.2021 09:55:43.118 GMT+0100,3451.5490000000004,3446.6150000000002,0.02,0.02
12.04.2021 09:55:52.564 GMT+0100,3450.426,3446.82,0.0075,0.02
12.04.2021 09:55:52.614 GMT+0100,3450.385,3445.656,0.02,0.02
12.04.2021 09:56:20.862 GMT+0100,3450.385,3444.492,0.02,0.02
12.04.2021 09:56:25.328 GMT+0100,3449.1800000000003,3445.5740000000005,0.0075,0.0075
12.04.2021 09:56:34.126 GMT+0100,3449.385,3445,0.02,0.02
12.04.2021 09:56:54.438 GMT+0100,3448,3444.656,0.02,0.02
12.04.2021 09:57:02.381 GMT+0100,3447.221,3444.82,0.0075,0.02
12.04.2021 09:57:23.402 GMT+0100,3450.508,3444.533,0.02,0.02
12.04.2021 09:57:53.400 GMT+0100,3449.508,3444.697,0.0075,0.02
12.04.2021 09:58:02.463 GMT+0100,3449.385,3445.82,0.02,0.0075
12.04.2021 09:58:04.052 GMT+0100,3449.1800000000003,3444.738,0.02,0.02
12.04.2021 09:58:38.234 GMT+0100,3449.467,3446,0.02,0.0075
12.04.2021 09:58:48.543 GMT+0100,3448.426,3444.697,0.02,0.02
12.04.2021 09:58:48.691 GMT+0100,3449.467,3444.7790000000005,0.02,0.02
12.04.2021 09:58:53.551 GMT+0100,3448.385,3444.492,0.02,0.02
12.04.2021 09:59:21.521 GMT+0100,3449.508,3444.82,0.02,0.02
12.04.2021 09:59:21.572 GMT+0100,3448.426,3444.656,0.02,0.02
12.04.2021 10:00:44.944 GMT+0100,3448.467,3443.5740000000005,0.02,0.02
12.04.2021 10:00:46.371 GMT+0100,3448,3444.5740000000005,0.02,0.0075
12.04.2021 10:00:46.555 GMT+0100,3448.1800000000003,3443.82,0.02,0.02
12.04.2021 10:00:51.180 GMT+0100,3448.262,3444.697,0.02,0.0075
12.04.2021 10:01:12.017 GMT+0100,3448.303,3443.492,0.02,0.02
12.04.2021 10:01:14.825 GMT+0100,3447.3440000000005,3443.451,0.0075,0.0075
12.04.2021 10:01:14.875 GMT+0100,3447.303,3442.7790000000005,0.02,0.02
12.04.2021 10:01:16.536 GMT+0100,3446.3440000000005,3442.738,0.0075,0.02
12.04.2021 10:01:17.244 GMT+0100,3446.5490000000004,3442,0.02,0.02
12.04.2021 10:01:17.295 GMT+0100,3445.262,3441.738,0.02,0.02
12.04.2021 10:01:18.113 GMT+0100,3444.385,3441.738,0.0075,0.0075
12.04.2021 10:01:18.164 GMT+0100,3444.1800000000003,3439.451,0.02,0.02
12.04.2021 10:01:18.317 GMT+0100,3443.221,3439.7790000000005,0.0075,0.02
12.04.2021 10:01:19.373 GMT+0100,3443.1800000000003,3438.451,0.02,0.02
12.04.2021 10:01:21.708 GMT+0100,3442.1800000000003,3438.533,0.0075,0.0075
12.04.2021 10:01:21.759 GMT+0100,3442.385,3437.6150000000002,0.02,0.02
12.04.2021 10:01:26.145 GMT+0100,3442,3438.451,0.02,0.0075
12.04.2021 10:01:33.068 GMT+0100,3443.5490000000004,3439.5740000000005,0.02,0.02
12.04.2021 10:01:34.447 GMT+0100,3443.221,3440.697,0.02,0.02
12.04.2021 10:01:36.498 GMT+0100,3445.3440000000005,3440.492,0.02,0.02
12.04.2021 10:02:00.649 GMT+0100,3446,3441.5740000000005,0.02,0.02
12.04.2021 10:02:01.158 GMT+0100,3447.508,3441.5740000000005,0.02,0.02
12.04.2021 10:02:01.459 GMT+0100,3447,3442.451,0.02,0.0075
12.04.2021 10:02:01.610 GMT+0100,3446,3442.697,0.02,0.02
12.04.2021 10:02:16.465 GMT+0100,3445.426,3442.738,0.02,0.02
12.04.2021 10:02:17.260 GMT+0100,3446.221,3442.451,0.02,0.02
12.04.2021 10:03:18.089 GMT+0100,3446.508,3441.451,0.02,0.02
12.04.2021 10:03:19.147 GMT+0100,3445.467,3441.533,0.0075,0.02
12.04.2021 10:03:24.639 GMT+0100,3444,3439.451,0.02,0.02
12.04.2021 10:03:24.701 GMT+0100,3445.426,3440.6150000000002,0.02,0.02
12.04.2021 10:03:26.512 GMT+0100,3443.426,3439.533,0.0075,0.02
12.04.2021 10:03:45.502 GMT+0100,3443.221,3438.492,0.02,0.02
12.04.2021 10:04:10.648 GMT+0100,3442.5490000000004,3438.451,0.02,0.02
12.04.2021 10:04:14.842 GMT+0100,3442.426,3437.6150000000002,0.02,0.02
12.04.2021 10:04:15.388 GMT+0100,3440.467,3437.492,0.0075,0.02
12.04.2021 10:04:21.552 GMT+0100,3440,3436.6150000000002,0.02,0.02
12.04.2021 10:04:24.709 GMT+0100,3440.508,3435.492,0.02,0.02
12.04.2021 10:04:24.759 GMT+0100,3440.467,3436.6150000000002,0.02,0.02
12.04.2021 10:04:36.149 GMT+0100,3440.262,3435.697,0.02,0.02
12.04.2021 10:04:36.227 GMT+0100,3439.221,3436,0.02,0.02
12.04.2021 10:04:39.278 GMT+0100,3439.508,3434.7790000000005,0.02,0.02
12.04.2021 10:04:39.608 GMT+0100,3437.467,3434.656,0.02,0.02
12.04.2021 10:04:40.166 GMT+0100,3437.3440000000005,3434,0.02,0.02
12.04.2021 10:04:48.263 GMT+0100,3437.385,3432.82,0.02,0.02
12.04.2021 10:05:01.359 GMT+0100,3437.426,3433.7790000000005,0.02,0.02
12.04.2021 10:05:01.460 GMT+0100,3437.1800000000003,3432.451,0.02,0.02
12.04.2021 10:05:03.749 GMT+0100,3437,3433.82,0.02,0.02
12.04.2021 10:05:03.963 GMT+0100,3437.303,3432.738,0.02,0.02
12.04.2021 10:05:09.965 GMT+0100,3437.508,3431.533,0.02,0.02
12.04.2021 10:05:10.015 GMT+0100,3436.385,3432,0.02,0.02
12.04.2021 10:05:12.596 GMT+0100,3435.303,3430.7790000000005,0.02,0.02
12.04.2021 10:05:12.774 GMT+0100,3436.5490000000004,3430.5740000000005,0.02,0.02
12.04.2021 10:05:24.755 GMT+0100,3436.385,3431.492,0.02,0.02
12.04.2021 10:05:28.916 GMT+0100,3434.508,3431.492,0.0075,0.02
12.04.2021 10:05:36.347 GMT+0100,3436.262,3431.492,0.02,0.02
12.04.2021 10:05:39.999 GMT+0100,3435.303,3430.533,0.02,0.02
12.04.2021 10:05:46.551 GMT+0100,3435,3429.5740000000005,0.02,0.02
12.04.2021 10:05:51.516 GMT+0100,3434.221,3429.82,0.0075,0.02
12.04.2021 10:05:53.982 GMT+0100,3434.385,3428.656,0.02,0.02
12.04.2021 10:06:02.328 GMT+0100,3433.385,3428.451,0.0075,0.02
12.04.2021 10:06:02.488 GMT+0100,3434.426,3429,0.02,0.02
12.04.2021 10:06:09.966 GMT+0100,3432.262,3428.697,0.0075,0.02
12.04.2021 10:06:10.990 GMT+0100,3432.508,3427.7790000000005,0.02,0.02
12.04.2021 10:06:17.416 GMT+0100,3432,3429,0.02,0.0075
12.04.2021 10:06:17.467 GMT+0100,3430.221,3425.451,0.02,0.02
12.04.2021 10:06:17.557 GMT+0100,3432.262,3426.451,0.02,0.02
12.04.2021 10:06:17.608 GMT+0100,3431.385,3426,0.02,0.02
12.04.2021 10:06:17.764 GMT+0100,3430,3425.7790000000005,0.0075,0.02
12.04.2021 10:06:17.864 GMT+0100,3431.3440000000005,3426.7790000000005,0.02,0.02
12.04.2021 10:06:22.839 GMT+0100,3430.221,3425.697,0.02,0.02
12.04.2021 10:06:24.371 GMT+0100,3430.262,3424.492,0.02,0.02
12.04.2021 10:06:25.845 GMT+0100,3430.3440000000005,3425.82,0.02,0.02
12.04.2021 10:06:25.946 GMT+0100,3428.303,3425.5740000000005,0.02,0.02
12.04.2021 10:06:25.997 GMT+0100,3429.5490000000004,3425.533,0.02,0.02
12.04.2021 10:06:26.047 GMT+0100,3428.303,3425.738,0.02,0.02
12.04.2021 10:06:28.425 GMT+0100,3428.467,3423.7790000000005,0.02,0.02
12.04.2021 10:06:32.439 GMT+0100,3428.303,3426.492,0.0075,0.0075
12.04.2021 10:06:32.489 GMT+0100,3430.303,3426.533,0.02,0.02
12.04.2021 10:06:32.540 GMT+0100,3430.262,3427.82,0.02,0.02
12.04.2021 10:06:32.590 GMT+0100,3430.508,3425.492,0.02,0.02
12.04.2021 10:06:38.175 GMT+0100,3430.1800000000003,3424.451,0.02,0.02
12.04.2021 10:06:38.225 GMT+0100,3430.426,3426.5740000000005,0.02,0.02
12.04.2021 10:06:38.363 GMT+0100,3430.508,3425.738,0.02,0.02
12.04.2021 10:06:38.414 GMT+0100,3430.508,3425,0.02,0.02
12.04.2021 10:06:41.001 GMT+0100,3429,3424.533,0.02,0.02
12.04.2021 10:06:42.402 GMT+0100,3429.221,3425.738,0.02,0.02
12.04.2021 10:06:42.503 GMT+0100,3428.5490000000004,3425.492,0.02,0.02
12.04.2021 10:06:42.665 GMT+0100,3429.5490000000004,3425.533,0.02,0.02
12.04.2021 10:06:44.039 GMT+0100,3427.426,3423.5740000000005,0.02,0.02
12.04.2021 10:06:44.133 GMT+0100,3428.262,3423.6150000000002,0.02,0.02
12.04.2021 10:06:44.479 GMT+0100,3429.303,3423.492,0.02,0.02
12.04.2021 10:06:46.995 GMT+0100,3429.262,3424.5740000000005,0.0075,0.0075
12.04.2021 10:06:47.045 GMT+0100,3429.1800000000003,3423.82,0.02,0.02
12.04.2021 10:06:47.914 GMT+0100,3429.303,3425.492,0.0075,0.0075
12.04.2021 10:06:47.964 GMT+0100,3430.3440000000005,3425.533,0.02,0.02
12.04.2021 10:06:51.324 GMT+0100,3430.221,3424.697,0.02,0.02
12.04.2021 10:06:55.816 GMT+0100,3429.5490000000004,3424.5740000000005,0.0075,0.02
