Local time,Ask,Bid,AskVolume,BidVolume
08.04.2021 08:00:17.529 GMT+0100,3526.385,3506.697,0.0075,0.0075
08.04.2021 08:00:17.724 GMT+0100,3525.262,3506.533,0.02,0.0075
08.04.2021 08:00:18.520 GMT+0100,3535.262,3508.6150000000002,0.02,0.02
08.04.2021 08:00:18.582 GMT+0100,3535.3440000000005,3510.82,0.02,0.02
08.04.2021 08:00:18.778 GMT+0100,3526.467,3510.7790000000005,0.0075,0.0075
08.04.2021 08:00:18.828 GMT+0100,3526.262,3507.656,0.02,0.02
08.04.2021 08:00:21.564 GMT+0100,3526.221,3510.82,0.02,0.02
08.04.2021 08:00:22.584 GMT+0100,3524.467,3510.6150000000002,0.02,0.02
08.04.2021 08:00:22.811 GMT+0100,3526.262,3511,0.02,0.02
08.04.2021 08:00:31.124 GMT+0100,3523.303,3510.82,0.02,0.02
08.04.2021 08:00:31.276 GMT+0100,3525.3440000000005,3510.7790000000005,0.02,0.02
08.04.2021 08:00:31.422 GMT+0100,3526.508,3511,0.02,0.02
08.04.2021 08:00:31.533 GMT+0100,3523.508,3510.656,0.02,0.02
08.04.2021 08:00:39.480 GMT+0100,3531.508,3518.451,0.02,0.02
08.04.2021 08:00:39.530 GMT+0100,3539,3521.656,0.02,0.02
08.04.2021 08:00:39.580 GMT+0100,3539.262,3522.738,0.02,0.02
08.04.2021 08:00:39.991 GMT+0100,3540.221,3522.82,0.02,0.02
08.04.2021 08:00:41.205 GMT+0100,3539.508,3522.533,0.0075,0.02
08.04.2021 08:00:41.985 GMT+0100,3538.3440000000005,3522.7790000000005,0.02,0.02
08.04.2021 08:00:54.223 GMT+0100,3531.467,3515.533,0.02,0.02
08.04.2021 08:00:54.374 GMT+0100,3522.385,3510.451,0.02,0.02
08.04.2021 08:00:54.424 GMT+0100,3525.221,3510.6150000000002,0.02,0.02
08.04.2021 08:00:54.524 GMT+0100,3521.467,3504.5740000000005,0.02,0.02
08.04.2021 08:00:54.784 GMT+0100,3520.385,3504.492,0.0075,0.02
08.04.2021 08:00:55.226 GMT+0100,3520,3506,0.02,0.0075
08.04.2021 08:00:55.276 GMT+0100,3520.221,3504.533,0.02,0.02
08.04.2021 08:00:56.546 GMT+0100,3519.5490000000004,3504.656,0.0075,0.02
08.04.2021 08:00:56.787 GMT+0100,3519.5490000000004,3508.533,0.0075,0.0075
08.04.2021 08:00:56.837 GMT+0100,3520.467,3504.82,0.02,0.02
08.04.2021 08:00:56.966 GMT+0100,3525.3440000000005,3505.697,0.02,0.02
08.04.2021 08:01:02.988 GMT+0100,3525.5490000000004,3507.6150000000002,0.0075,0.0075
08.04.2021 08:01:03.039 GMT+0100,3526.508,3506.7790000000005,0.02,0.02
08.04.2021 08:01:03.990 GMT+0100,3525.1800000000003,3506.451,0.0075,0.02
08.04.2021 08:01:04.090 GMT+0100,3526.1800000000003,3506.7790000000005,0.02,0.02
08.04.2021 08:01:08.329 GMT+0100,3525.467,3506.492,0.0075,0.02
08.04.2021 08:01:09.980 GMT+0100,3525.3440000000005,3506,0.02,0.02
08.04.2021 08:01:11.983 GMT+0100,3525.303,3504.7790000000005,0.02,0.02
08.04.2021 08:01:12.297 GMT+0100,3525.221,3503.7790000000005,0.02,0.02
08.04.2021 08:01:13.544 GMT+0100,3518.221,3504,0.0075,0.0075
08.04.2021 08:01:13.595 GMT+0100,3518.385,3498.533,0.02,0.02
08.04.2021 08:01:13.646 GMT+0100,3514.1800000000003,3499,0.0075,0.0075
08.04.2021 08:01:13.697 GMT+0100,3514,3486.697,0.02,0.02
08.04.2021 08:01:13.775 GMT+0100,3513.221,3489,0.0075,0.0075
08.04.2021 08:01:13.920 GMT+0100,3510.262,3488.697,0.0075,0.0075
08.04.2021 08:01:13.970 GMT+0100,3510.467,3486.7790000000005,0.02,0.02
08.04.2021 08:01:14.197 GMT+0100,3510.426,3488.5740000000005,0.02,0.0075
08.04.2021 08:01:14.554 GMT+0100,3512.262,3494.697,0.0075,0.0075
08.04.2021 08:01:14.659 GMT+0100,3512.508,3497.6150000000002,0.0075,0.0075
08.04.2021 08:01:14.709 GMT+0100,3515,3497.82,0.02,0.02
08.04.2021 08:01:15.018 GMT+0100,3515.5490000000004,3494.82,0.02,0.02
08.04.2021 08:01:15.295 GMT+0100,3518.221,3495,0.02,0.02
08.04.2021 08:01:16.124 GMT+0100,3518.467,3493,0.02,0.02
08.04.2021 08:01:20.025 GMT+0100,3518.385,3495.533,0.02,0.02
08.04.2021 08:01:21.825 GMT+0100,3519.1800000000003,3495.6150000000002,0.02,0.02
08.04.2021 08:01:23.329 GMT+0100,3518.3440000000005,3495.738,0.02,0.02
08.04.2021 08:01:24.479 GMT+0100,3518.262,3494,0.02,0.02
08.04.2021 08:01:25.215 GMT+0100,3516.426,3493.7790000000005,0.02,0.02
08.04.2021 08:01:25.874 GMT+0100,3518.303,3493.82,0.02,0.02
08.04.2021 08:01:26.790 GMT+0100,3519.467,3494,0.02,0.02
08.04.2021 08:01:26.840 GMT+0100,3518.508,3494,0.02,0.02
08.04.2021 08:01:30.124 GMT+0100,3518.262,3495.492,0.02,0.02
08.04.2021 08:01:30.175 GMT+0100,3519.221,3495.492,0.02,0.02
08.04.2021 08:01:30.225 GMT+0100,3518.262,3495.6150000000002,0.02,0.02
08.04.2021 08:01:30.723 GMT+0100,3519.426,3495.82,0.02,0.02
08.04.2021 08:01:31.039 GMT+0100,3519.467,3496.656,0.02,0.02
08.04.2021 08:01:31.614 GMT+0100,3519,3499.5740000000005,0.02,0.0075
08.04.2021 08:01:31.825 GMT+0100,3525.1800000000003,3499.451,0.02,0.02
08.04.2021 08:01:31.983 GMT+0100,3524.508,3500.451,0.0075,0.0075
08.04.2021 08:01:32.033 GMT+0100,3524.385,3499.451,0.02,0.02
08.04.2021 08:01:32.563 GMT+0100,3524.385,3501,0.02,0.0075
08.04.2021 08:01:39.604 GMT+0100,3524.262,3499.6150000000002,0.02,0.02
08.04.2021 08:01:50.712 GMT+0100,3524.262,3500.656,0.02,0.0075
08.04.2021 08:01:52.647 GMT+0100,3524.508,3502.738,0.02,0.0075
08.04.2021 08:01:52.873 GMT+0100,3525.508,3502.738,0.02,0.02
08.04.2021 08:01:54.141 GMT+0100,3524.426,3502.492,0.0075,0.02
08.04.2021 08:01:55.407 GMT+0100,3524.467,3501.6150000000002,0.02,0.02
08.04.2021 08:02:04.861 GMT+0100,3523.467,3501.492,0.02,0.02
08.04.2021 08:02:04.970 GMT+0100,3524.262,3500.492,0.02,0.02
08.04.2021 08:02:05.597 GMT+0100,3522.385,3500.697,0.0075,0.02
08.04.2021 08:02:05.647 GMT+0100,3524.1800000000003,3500.82,0.02,0.02
08.04.2021 08:02:06.257 GMT+0100,3523.5490000000004,3500.697,0.0075,0.02
08.04.2021 08:02:06.381 GMT+0100,3516.467,3500.7790000000005,0.0075,0.02
08.04.2021 08:02:06.659 GMT+0100,3516,3495.7790000000005,0.02,0.02
08.04.2021 08:02:07.304 GMT+0100,3516.303,3494.6150000000002,0.02,0.02
08.04.2021 08:02:07.355 GMT+0100,3516.1800000000003,3493.533,0.02,0.02
08.04.2021 08:02:14.634 GMT+0100,3516.262,3492.656,0.02,0.02
08.04.2021 08:02:14.729 GMT+0100,3515.5490000000004,3493,0.02,0.02
08.04.2021 08:02:14.864 GMT+0100,3516,3492.533,0.02,0.02
08.04.2021 08:02:15.007 GMT+0100,3516,3491.697,0.02,0.02
08.04.2021 08:02:17.144 GMT+0100,3509.5490000000004,3491.697,0.0075,0.02
08.04.2021 08:02:30.695 GMT+0100,3509.467,3493.533,0.02,0.02
08.04.2021 08:02:31.610 GMT+0100,3509.1800000000003,3494.533,0.02,0.0075
08.04.2021 08:02:31.660 GMT+0100,3509.221,3493.6150000000002,0.02,0.02
08.04.2021 08:02:32.556 GMT+0100,3508.303,3493.82,0.0075,0.02
08.04.2021 08:02:43.037 GMT+0100,3507.426,3493.6150000000002,0.02,0.0075
08.04.2021 08:02:43.087 GMT+0100,3507.3440000000005,3492.451,0.02,0.02
08.04.2021 08:02:50.624 GMT+0100,3506.3440000000005,3493.656,0.0075,0.0075
08.04.2021 08:02:51.368 GMT+0100,3506.426,3492.451,0.02,0.02
08.04.2021 08:02:52.843 GMT+0100,3508.426,3492.656,0.02,0.02
08.04.2021 08:02:52.893 GMT+0100,3505,3492.451,0.02,0.02
08.04.2021 08:02:53.916 GMT+0100,3503.303,3492.492,0.0075,0.02
08.04.2021 08:02:55.324 GMT+0100,3502.262,3492.5740000000005,0.0075,0.0075
08.04.2021 08:02:55.374 GMT+0100,3502.1800000000003,3489.6150000000002,0.02,0.02
08.04.2021 08:03:01.111 GMT+0100,3502.221,3487.82,0.02,0.02
08.04.2021 08:03:01.750 GMT+0100,3498.3440000000005,3488,0.0075,0.0075
08.04.2021 08:03:01.800 GMT+0100,3498.467,3486.656,0.02,0.02
08.04.2021 08:03:02.016 GMT+0100,3498.221,3485.5740000000005,0.02,0.02
08.04.2021 08:03:03.365 GMT+0100,3498.3440000000005,3486.451,0.02,0.0075
08.04.2021 08:03:05.457 GMT+0100,3498.303,3485.7790000000005,0.02,0.02
08.04.2021 08:03:10.108 GMT+0100,3498.303,3486.738,0.0075,0.0075
08.04.2021 08:03:10.158 GMT+0100,3506.1800000000003,3486.533,0.02,0.02
08.04.2021 08:03:56.485 GMT+0100,3506.385,3488.656,0.02,0.0075
08.04.2021 08:03:58.340 GMT+0100,3506.508,3492.451,0.02,0.0075
08.04.2021 08:04:01.109 GMT+0100,3505.1800000000003,3492.451,0.0075,0.02
08.04.2021 08:04:01.371 GMT+0100,3503.262,3491.6150000000002,0.0075,0.02
08.04.2021 08:04:01.421 GMT+0100,3505.3440000000005,3492,0.02,0.02
08.04.2021 08:04:05.718 GMT+0100,3506.426,3491.656,0.02,0.02
08.04.2021 08:04:15.229 GMT+0100,3506.508,3492.656,0.02,0.0075
08.04.2021 08:04:19.611 GMT+0100,3506.262,3491.492,0.02,0.02
08.04.2021 08:04:20.807 GMT+0100,3506.426,3492.492,0.02,0.0075
08.04.2021 08:04:21.215 GMT+0100,3506.467,3491.5740000000005,0.02,0.02
08.04.2021 08:04:27.544 GMT+0100,3504.1800000000003,3491.451,0.0075,0.02
08.04.2021 08:04:33.552 GMT+0100,3502.467,3491.5740000000005,0.0075,0.0075
08.04.2021 08:04:33.603 GMT+0100,3502,3487.738,0.02,0.02
08.04.2021 08:04:34.118 GMT+0100,3502.221,3486.7790000000005,0.02,0.02
08.04.2021 08:04:40.596 GMT+0100,3500.426,3486.6150000000002,0.02,0.02
08.04.2021 08:04:42.962 GMT+0100,3500.303,3485.7790000000005,0.02,0.02
08.04.2021 08:04:50.636 GMT+0100,3499.262,3484.451,0.02,0.02
08.04.2021 08:04:54.828 GMT+0100,3496.262,3483.533,0.02,0.0075
08.04.2021 08:04:54.879 GMT+0100,3496.426,3482.82,0.02,0.02
08.04.2021 08:04:55.675 GMT+0100,3498,3483.656,0.02,0.02
08.04.2021 08:05:08.809 GMT+0100,3498.262,3482.82,0.02,0.02
08.04.2021 08:05:09.453 GMT+0100,3496.221,3482.656,0.0075,0.02
08.04.2021 08:05:18.345 GMT+0100,3494.385,3482.738,0.0075,0.0075
08.04.2021 08:05:18.396 GMT+0100,3494.426,3480.451,0.02,0.02
08.04.2021 08:05:30.873 GMT+0100,3496.1800000000003,3481.6150000000002,0.02,0.02
08.04.2021 08:05:39.177 GMT+0100,3496.5490000000004,3486,0.0075,0.0075
08.04.2021 08:05:39.227 GMT+0100,3498.508,3485.451,0.02,0.02
08.04.2021 08:05:41.182 GMT+0100,3498.385,3486.697,0.02,0.0075
08.04.2021 08:06:06.040 GMT+0100,3497.467,3486.738,0.0075,0.02
08.04.2021 08:06:19.667 GMT+0100,3495.262,3486.451,0.0075,0.0075
08.04.2021 08:06:19.718 GMT+0100,3494.221,3483.451,0.02,0.02
08.04.2021 08:06:19.804 GMT+0100,3494.1800000000003,3481.5740000000005,0.02,0.02
08.04.2021 08:06:19.924 GMT+0100,3494.508,3483.7790000000005,0.02,0.0075
08.04.2021 08:06:23.220 GMT+0100,3495.426,3484.5740000000005,0.02,0.02
08.04.2021 08:06:23.270 GMT+0100,3496.221,3484.656,0.02,0.02
08.04.2021 08:06:34.805 GMT+0100,3496.1800000000003,3486.697,0.0075,0.0075
08.04.2021 08:06:34.855 GMT+0100,3498.467,3487.451,0.02,0.02
08.04.2021 08:07:05.332 GMT+0100,3494.426,3487.5740000000005,0.0075,0.02
08.04.2021 08:07:05.383 GMT+0100,3494.385,3486.738,0.02,0.02
08.04.2021 08:08:04.026 GMT+0100,3494.1800000000003,3485,0.02,0.02
08.04.2021 08:08:04.077 GMT+0100,3494.303,3485.656,0.02,0.02
08.04.2021 08:08:35.493 GMT+0100,3494.221,3486.6150000000002,0.02,0.02
08.04.2021 08:09:09.190 GMT+0100,3493.5490000000004,3486.5740000000005,0.0075,0.02
08.04.2021 08:09:09.241 GMT+0100,3493.221,3485.82,0.02,0.02
08.04.2021 08:09:31.504 GMT+0100,3493.303,3484.533,0.02,0.02
08.04.2021 08:09:31.554 GMT+0100,3491.3440000000005,3484.6150000000002,0.02,0.02
08.04.2021 08:09:41.060 GMT+0100,3493.1800000000003,3485.697,0.02,0.02
08.04.2021 08:09:59.060 GMT+0100,3492.3440000000005,3485.7790000000005,0.02,0.02
08.04.2021 08:09:59.111 GMT+0100,3492.467,3484.451,0.02,0.02
08.04.2021 08:09:59.521 GMT+0100,3492.5490000000004,3485.656,0.0075,0.0075
08.04.2021 08:09:59.571 GMT+0100,3493.303,3485.5740000000005,0.02,0.02
08.04.2021 08:10:00.029 GMT+0100,3492.221,3485.697,0.0075,0.0075
08.04.2021 08:10:00.080 GMT+0100,3493.1800000000003,3485.5740000000005,0.02,0.02
08.04.2021 08:10:11.120 GMT+0100,3493.262,3487.533,0.0075,0.0075
08.04.2021 08:10:11.170 GMT+0100,3496.385,3487.697,0.02,0.02
08.04.2021 08:10:12.129 GMT+0100,3496,3489.5740000000005,0.0075,0.0075
08.04.2021 08:10:12.180 GMT+0100,3497.1800000000003,3489.738,0.02,0.02
08.04.2021 08:10:14.029 GMT+0100,3497.467,3490.533,0.02,0.0075
08.04.2021 08:10:14.264 GMT+0100,3495.303,3490.7790000000005,0.02,0.02
08.04.2021 08:10:19.835 GMT+0100,3495.426,3487.82,0.02,0.02
08.04.2021 08:10:19.886 GMT+0100,3495.221,3486.82,0.02,0.02
08.04.2021 08:10:19.936 GMT+0100,3494.5490000000004,3486.451,0.02,0.02
08.04.2021 08:10:36.866 GMT+0100,3494.467,3485.492,0.02,0.02
08.04.2021 08:10:37.461 GMT+0100,3492.385,3485.656,0.0075,0.0075
08.04.2021 08:10:37.511 GMT+0100,3492,3484,0.02,0.02
08.04.2021 08:10:37.561 GMT+0100,3490.508,3482.738,0.02,0.02
08.04.2021 08:10:38.573 GMT+0100,3490.385,3483.492,0.0075,0.0075
08.04.2021 08:10:38.623 GMT+0100,3491,3483.451,0.02,0.02
08.04.2021 08:10:39.310 GMT+0100,3490.3440000000005,3483.5740000000005,0.0075,0.02
08.04.2021 08:10:39.360 GMT+0100,3491.221,3483.697,0.02,0.02
08.04.2021 08:10:39.428 GMT+0100,3490.262,3483.5740000000005,0.02,0.02
08.04.2021 08:10:39.478 GMT+0100,3491.426,3483.492,0.02,0.02
08.04.2021 08:10:40.033 GMT+0100,3490.426,3483.656,0.0075,0.02
08.04.2021 08:10:40.506 GMT+0100,3490.426,3482.7790000000005,0.02,0.02
08.04.2021 08:10:41.832 GMT+0100,3490.303,3483.5740000000005,0.02,0.02
08.04.2021 08:10:42.187 GMT+0100,3490.303,3483,0.02,0.02
08.04.2021 08:10:44.531 GMT+0100,3489.303,3480.533,0.02,0.02
08.04.2021 08:10:44.682 GMT+0100,3488,3480.451,0.02,0.02
08.04.2021 08:10:52.199 GMT+0100,3486.5490000000004,3478.697,0.0075,0.02
08.04.2021 08:10:52.249 GMT+0100,3487.385,3478.697,0.02,0.02
08.04.2021 08:10:56.063 GMT+0100,3485.3440000000005,3478.82,0.0075,0.02
08.04.2021 08:11:15.580 GMT+0100,3488.426,3480,0.02,0.02
08.04.2021 08:11:15.854 GMT+0100,3488.3440000000005,3481.656,0.02,0.0075
08.04.2021 08:11:19.470 GMT+0100,3489.508,3481.82,0.02,0.02
08.04.2021 08:11:25.607 GMT+0100,3488.3440000000005,3481.492,0.0075,0.0075
08.04.2021 08:11:25.657 GMT+0100,3487.385,3477.7790000000005,0.02,0.02
08.04.2021 08:11:25.716 GMT+0100,3487.303,3478.5740000000005,0.02,0.02
08.04.2021 08:11:25.767 GMT+0100,3487,3477.82,0.02,0.02
08.04.2021 08:11:25.817 GMT+0100,3487.5490000000004,3478.697,0.02,0.02
08.04.2021 08:11:25.966 GMT+0100,3487.262,3477.738,0.02,0.02
08.04.2021 08:11:26.128 GMT+0100,3487.467,3478.492,0.02,0.0075
08.04.2021 08:11:27.588 GMT+0100,3487.3440000000005,3479.697,0.02,0.0075
08.04.2021 08:11:42.261 GMT+0100,3484.467,3479.697,0.02,0.02
08.04.2021 08:11:43.370 GMT+0100,3485.385,3479.738,0.02,0.02
08.04.2021 08:11:43.420 GMT+0100,3483.303,3479.697,0.02,0.02
08.04.2021 08:11:44.332 GMT+0100,3481.262,3479.5740000000005,0.0075,0.02
08.04.2021 08:11:45.008 GMT+0100,3485.508,3476.697,0.02,0.02
08.04.2021 08:11:45.203 GMT+0100,3483.426,3476.82,0.0075,0.02
08.04.2021 08:11:45.499 GMT+0100,3485,3477,0.02,0.02
08.04.2021 08:11:45.912 GMT+0100,3484.3440000000005,3476.492,0.0075,0.02
08.04.2021 08:11:51.546 GMT+0100,3483.5490000000004,3476.5740000000005,0.0075,0.0075
08.04.2021 08:11:51.597 GMT+0100,3483.426,3475.6150000000002,0.02,0.02
08.04.2021 08:11:53.862 GMT+0100,3481,3475.533,0.0075,0.02
08.04.2021 08:11:53.981 GMT+0100,3481.426,3474.533,0.02,0.02
08.04.2021 08:11:54.090 GMT+0100,3481.1800000000003,3473.738,0.02,0.02
08.04.2021 08:11:56.796 GMT+0100,3481,3471.492,0.02,0.02
08.04.2021 08:12:00.512 GMT+0100,3478.1800000000003,3471.738,0.0075,0.02
08.04.2021 08:12:00.728 GMT+0100,3478.262,3469.7790000000005,0.02,0.02
08.04.2021 08:12:09.240 GMT+0100,3477.508,3469.7790000000005,0.0075,0.0075
08.04.2021 08:12:11.243 GMT+0100,3475.262,3468.533,0.02,0.0075
08.04.2021 08:12:11.294 GMT+0100,3475.3440000000005,3467.6150000000002,0.02,0.02
08.04.2021 08:12:14.073 GMT+0100,3475.3440000000005,3468.738,0.02,0.02
08.04.2021 08:12:17.934 GMT+0100,3477.5490000000004,3468.5740000000005,0.02,0.02
08.04.2021 08:12:18.425 GMT+0100,3482.467,3472.7790000000005,0.02,0.0075
08.04.2021 08:12:20.916 GMT+0100,3481.508,3472.82,0.0075,0.02
08.04.2021 08:12:37.124 GMT+0100,3481,3476.492,0.0075,0.0075
08.04.2021 08:12:37.174 GMT+0100,3483.426,3476.82,0.02,0.02
08.04.2021 08:12:37.838 GMT+0100,3485.3440000000005,3476.82,0.02,0.02
08.04.2021 08:12:39.312 GMT+0100,3485.3440000000005,3478.738,0.02,0.02
08.04.2021 08:14:12.751 GMT+0100,3484.262,3478.7790000000005,0.0075,0.0075
08.04.2021 08:14:12.801 GMT+0100,3483.221,3475.533,0.02,0.02
08.04.2021 08:14:30.549 GMT+0100,3483.5490000000004,3476.492,0.0075,0.0075
08.04.2021 08:14:30.599 GMT+0100,3485.385,3476.492,0.02,0.02
08.04.2021 08:14:48.659 GMT+0100,3482.221,3476.492,0.0075,0.02
08.04.2021 08:14:51.602 GMT+0100,3482.303,3475.697,0.02,0.02
08.04.2021 08:14:51.775 GMT+0100,3482.262,3477.7790000000005,0.02,0.02
08.04.2021 08:15:01.774 GMT+0100,3482.3440000000005,3475.82,0.02,0.02
08.04.2021 08:15:20.420 GMT+0100,3482.262,3474.82,0.02,0.02
08.04.2021 08:15:23.286 GMT+0100,3482.1800000000003,3473.5740000000005,0.02,0.02
08.04.2021 08:15:23.387 GMT+0100,3482.5490000000004,3476.492,0.02,0.02
08.04.2021 08:15:24.696 GMT+0100,3482.262,3477.738,0.0075,0.0075
08.04.2021 08:15:24.746 GMT+0100,3485.262,3477.492,0.02,0.02
08.04.2021 08:15:44.947 GMT+0100,3485.1800000000003,3476.5740000000005,0.02,0.02
08.04.2021 08:15:55.264 GMT+0100,3485.262,3477.738,0.02,0.02
08.04.2021 08:16:03.916 GMT+0100,3485.426,3481,0.0075,0.0075
08.04.2021 08:16:03.966 GMT+0100,3488.385,3480.738,0.02,0.02
08.04.2021 08:16:04.159 GMT+0100,3487.221,3479.533,0.02,0.02
08.04.2021 08:16:04.270 GMT+0100,3488.3440000000005,3479.6150000000002,0.02,0.02
08.04.2021 08:16:04.537 GMT+0100,3487.221,3479.656,0.02,0.02
08.04.2021 08:16:06.108 GMT+0100,3487.221,3478.6150000000002,0.02,0.02
08.04.2021 08:16:08.156 GMT+0100,3486.262,3478.82,0.0075,0.02
08.04.2021 08:16:09.352 GMT+0100,3486.303,3480.5740000000005,0.0075,0.0075
08.04.2021 08:16:09.403 GMT+0100,3487.385,3480.533,0.02,0.02
08.04.2021 08:16:26.624 GMT+0100,3486.508,3480.492,0.02,0.02
08.04.2021 08:16:32.582 GMT+0100,3485.5490000000004,3480.738,0.0075,0.02
08.04.2021 08:16:58.624 GMT+0100,3486,3480.82,0.02,0.02
08.04.2021 08:16:58.675 GMT+0100,3488,3481.451,0.02,0.02
08.04.2021 08:17:03.515 GMT+0100,3489.262,3481.697,0.02,0.02
08.04.2021 08:17:03.576 GMT+0100,3489.1800000000003,3483,0.0075,0.0075
08.04.2021 08:17:03.627 GMT+0100,3490.1800000000003,3482.5740000000005,0.02,0.02
08.04.2021 08:17:03.920 GMT+0100,3489.221,3482.82,0.0075,0.02
08.04.2021 08:17:04.379 GMT+0100,3490.385,3482.6150000000002,0.02,0.02
08.04.2021 08:17:04.524 GMT+0100,3489.508,3482.492,0.0075,0.0075
08.04.2021 08:17:04.574 GMT+0100,3489.3440000000005,3481.5740000000005,0.02,0.02
08.04.2021 08:17:24.414 GMT+0100,3490.467,3481.697,0.02,0.02
08.04.2021 08:17:24.464 GMT+0100,3489.262,3481.492,0.02,0.02
08.04.2021 08:17:24.600 GMT+0100,3489.3440000000005,3482.7790000000005,0.0075,0.0075
08.04.2021 08:17:24.650 GMT+0100,3490.467,3482.492,0.02,0.02
08.04.2021 08:17:24.811 GMT+0100,3491.3440000000005,3482.451,0.02,0.02
08.04.2021 08:17:24.924 GMT+0100,3490.508,3482.738,0.0075,0.02
08.04.2021 08:17:37.396 GMT+0100,3488.426,3482.5740000000005,0.0075,0.0075
08.04.2021 08:17:37.446 GMT+0100,3488.467,3481.7790000000005,0.02,0.02
08.04.2021 08:17:37.699 GMT+0100,3488.426,3480.82,0.02,0.02
08.04.2021 08:17:38.337 GMT+0100,3488.262,3481.82,0.02,0.0075
08.04.2021 08:17:47.402 GMT+0100,3488,3481,0.02,0.02
08.04.2021 08:17:51.938 GMT+0100,3488.1800000000003,3481.656,0.02,0.02
08.04.2021 08:17:52.504 GMT+0100,3488.5490000000004,3480.7790000000005,0.02,0.02
08.04.2021 08:17:54.112 GMT+0100,3488.467,3481.533,0.02,0.02
08.04.2021 08:18:02.910 GMT+0100,3488,3480.82,0.02,0.02
08.04.2021 08:18:05.934 GMT+0100,3488.221,3481.6150000000002,0.02,0.0075
08.04.2021 08:18:06.378 GMT+0100,3488.385,3480.451,0.02,0.02
08.04.2021 08:18:06.428 GMT+0100,3488,3481.492,0.02,0.0075
08.04.2021 08:18:07.447 GMT+0100,3486.467,3480.6150000000002,0.02,0.02
08.04.2021 08:18:22.432 GMT+0100,3486.1800000000003,3481.697,0.0075,0.0075
08.04.2021 08:18:22.482 GMT+0100,3490.508,3482.6150000000002,0.02,0.02
08.04.2021 08:18:23.283 GMT+0100,3490,3484,0.02,0.02
08.04.2021 08:18:23.333 GMT+0100,3491.508,3483.738,0.02,0.02
08.04.2021 08:18:25.443 GMT+0100,3490.508,3483.492,0.0075,0.0075
08.04.2021 08:18:25.493 GMT+0100,3490.3440000000005,3482.451,0.02,0.02
08.04.2021 08:18:26.187 GMT+0100,3490.467,3481.5740000000005,0.02,0.02
08.04.2021 08:18:28.590 GMT+0100,3489.1800000000003,3481.492,0.0075,0.02
08.04.2021 08:18:28.640 GMT+0100,3490.508,3481.451,0.02,0.02
08.04.2021 08:18:28.714 GMT+0100,3489.385,3481.5740000000005,0.02,0.02
08.04.2021 08:18:29.554 GMT+0100,3488,3481.5740000000005,0.0075,0.0075
08.04.2021 08:18:29.604 GMT+0100,3488.426,3480.451,0.02,0.02
08.04.2021 08:18:38.225 GMT+0100,3488.1800000000003,3481.656,0.02,0.0075
08.04.2021 08:18:56.253 GMT+0100,3489.385,3481.697,0.02,0.02
08.04.2021 08:19:04.250 GMT+0100,3489.385,3482.697,0.02,0.0075
08.04.2021 08:19:04.302 GMT+0100,3490,3482.533,0.02,0.02
08.04.2021 08:19:10.588 GMT+0100,3491.1800000000003,3484,0.02,0.02
08.04.2021 08:19:11.511 GMT+0100,3491.3440000000005,3485.7790000000005,0.0075,0.0075
08.04.2021 08:19:11.561 GMT+0100,3492.303,3485.6150000000002,0.02,0.02
08.04.2021 08:19:12.130 GMT+0100,3491.467,3485.656,0.0075,0.02
08.04.2021 08:19:14.640 GMT+0100,3492.508,3486,0.02,0.02
08.04.2021 08:19:16.016 GMT+0100,3491.262,3485.656,0.02,0.02
08.04.2021 08:20:00.070 GMT+0100,3492.262,3485.697,0.02,0.02
08.04.2021 08:20:00.791 GMT+0100,3491,3485.7790000000005,0.0075,0.02
08.04.2021 08:20:04.778 GMT+0100,3492.1800000000003,3485.6150000000002,0.02,0.02
08.04.2021 08:20:05.380 GMT+0100,3491.5490000000004,3485.451,0.0075,0.02
08.04.2021 08:20:05.966 GMT+0100,3492.3440000000005,3485.451,0.02,0.02
08.04.2021 08:20:07.580 GMT+0100,3491.426,3485.533,0.02,0.02
08.04.2021 08:20:16.532 GMT+0100,3492.303,3485.82,0.02,0.02
08.04.2021 08:20:17.027 GMT+0100,3491.1800000000003,3485.533,0.0075,0.02
08.04.2021 08:20:18.281 GMT+0100,3492.3440000000005,3485.492,0.02,0.02
08.04.2021 08:20:18.778 GMT+0100,3491.221,3485.5740000000005,0.0075,0.02
08.04.2021 08:20:23.778 GMT+0100,3492.467,3485.451,0.02,0.02
08.04.2021 08:20:35.778 GMT+0100,3494.385,3485.533,0.02,0.02
08.04.2021 08:20:35.857 GMT+0100,3493.221,3485.533,0.0075,0.02
08.04.2021 08:20:42.524 GMT+0100,3491.426,3485.6150000000002,0.0075,0.02
08.04.2021 08:21:39.912 GMT+0100,3490.426,3485.7790000000005,0.0075,0.02
08.04.2021 08:21:53.037 GMT+0100,3489,3485.738,0.0075,0.0075
08.04.2021 08:21:53.088 GMT+0100,3489.303,3482.533,0.02,0.02
08.04.2021 08:21:53.598 GMT+0100,3490.385,3482.5740000000005,0.02,0.02
08.04.2021 08:21:56.745 GMT+0100,3490.385,3483.82,0.02,0.0075
08.04.2021 08:21:57.616 GMT+0100,3490.5490000000004,3482.656,0.02,0.02
08.04.2021 08:21:59.822 GMT+0100,3490.385,3483.492,0.02,0.0075
08.04.2021 08:22:00.583 GMT+0100,3490.221,3482.738,0.02,0.02
08.04.2021 08:22:02.375 GMT+0100,3490.385,3483.697,0.02,0.0075
08.04.2021 08:22:05.903 GMT+0100,3490.426,3482.82,0.02,0.02
08.04.2021 08:22:16.266 GMT+0100,3490.221,3484,0.02,0.02
08.04.2021 08:22:18.992 GMT+0100,3491.426,3483.6150000000002,0.02,0.02
08.04.2021 08:22:25.246 GMT+0100,3490.508,3483.7790000000005,0.0075,0.02
08.04.2021 08:22:25.543 GMT+0100,3490.1800000000003,3482.6150000000002,0.02,0.02
08.04.2021 08:22:26.430 GMT+0100,3490.385,3483.7790000000005,0.02,0.0075
08.04.2021 08:22:30.079 GMT+0100,3491.467,3483.533,0.02,0.02
08.04.2021 08:22:36.316 GMT+0100,3491.262,3486.6150000000002,0.02,0.0075
08.04.2021 08:22:39.238 GMT+0100,3494.3440000000005,3486.7790000000005,0.02,0.02
08.04.2021 08:22:40.576 GMT+0100,3494.467,3487.451,0.02,0.0075
08.04.2021 08:23:07.413 GMT+0100,3494.426,3489.6150000000002,0.02,0.0075
08.04.2021 08:23:29.986 GMT+0100,3495.262,3489.533,0.02,0.02
08.04.2021 08:23:30.533 GMT+0100,3492.508,3490,0.0075,0.02
08.04.2021 08:23:39.895 GMT+0100,3495.5490000000004,3489.5740000000005,0.02,0.02
08.04.2021 08:23:58.335 GMT+0100,3494.303,3489.6150000000002,0.02,0.02
08.04.2021 08:24:29.912 GMT+0100,3496.508,3489.492,0.02,0.02
08.04.2021 08:24:53.774 GMT+0100,3496.262,3492,0.02,0.0075
08.04.2021 08:24:53.824 GMT+0100,3497.3440000000005,3491.492,0.02,0.02
08.04.2021 08:24:58.672 GMT+0100,3496.426,3491.7790000000005,0.02,0.02
08.04.2021 08:24:58.802 GMT+0100,3496.221,3489.7790000000005,0.02,0.02
08.04.2021 08:25:04.748 GMT+0100,3496.3440000000005,3490.656,0.02,0.02
08.04.2021 08:25:04.978 GMT+0100,3496.385,3489.82,0.02,0.02
08.04.2021 08:25:06.513 GMT+0100,3496.508,3490.451,0.02,0.0075
08.04.2021 08:25:06.742 GMT+0100,3496.5490000000004,3489.492,0.02,0.02
08.04.2021 08:25:09.632 GMT+0100,3496.262,3491.7790000000005,0.02,0.0075
08.04.2021 08:25:12.766 GMT+0100,3497.385,3491.697,0.02,0.02
08.04.2021 08:26:06.750 GMT+0100,3496.385,3491.533,0.0075,0.02
08.04.2021 08:26:11.778 GMT+0100,3497.1800000000003,3491.656,0.02,0.02
08.04.2021 08:26:14.545 GMT+0100,3496.1800000000003,3491.697,0.0075,0.02
08.04.2021 08:26:15.303 GMT+0100,3497.426,3491.697,0.02,0.02
08.04.2021 08:26:15.442 GMT+0100,3496.5490000000004,3491.7790000000005,0.0075,0.02
08.04.2021 08:26:21.034 GMT+0100,3497.221,3491.6150000000002,0.02,0.02
08.04.2021 08:26:21.128 GMT+0100,3496.508,3491.533,0.0075,0.02
08.04.2021 08:26:31.035 GMT+0100,3497.3440000000005,3491.738,0.02,0.02
08.04.2021 08:26:33.129 GMT+0100,3496.508,3491.533,0.0075,0.02
08.04.2021 08:26:38.324 GMT+0100,3497.221,3491.492,0.02,0.02
08.04.2021 08:26:38.752 GMT+0100,3496,3491.738,0.02,0.02
08.04.2021 08:26:39.263 GMT+0100,3497.467,3491.738,0.02,0.02
08.04.2021 08:26:39.348 GMT+0100,3496.221,3492,0.0075,0.02
08.04.2021 08:26:39.941 GMT+0100,3497.508,3491.697,0.02,0.02
08.04.2021 08:26:50.498 GMT+0100,3496.3440000000005,3491.6150000000002,0.02,0.02
08.04.2021 08:26:55.642 GMT+0100,3497.385,3491.7790000000005,0.02,0.02
08.04.2021 08:27:03.522 GMT+0100,3498.262,3491.492,0.02,0.02
08.04.2021 08:27:03.703 GMT+0100,3498,3493,0.0075,0.0075
08.04.2021 08:27:03.753 GMT+0100,3501.221,3493.697,0.02,0.02
08.04.2021 08:27:03.804 GMT+0100,3500,3493.697,0.02,0.02
08.04.2021 08:27:06.821 GMT+0100,3500.303,3494.82,0.0075,0.0075
08.04.2021 08:27:06.872 GMT+0100,3501.385,3494.697,0.02,0.02
08.04.2021 08:27:07.461 GMT+0100,3501.262,3496.82,0.02,0.02
08.04.2021 08:27:07.779 GMT+0100,3502,3497,0.02,0.02
08.04.2021 08:27:10.962 GMT+0100,3500.262,3496.738,0.02,0.02
08.04.2021 08:27:11.425 GMT+0100,3497.426,3496.738,0.0075,0.0075
08.04.2021 08:27:11.475 GMT+0100,3497.303,3493,0.02,0.02
08.04.2021 08:27:12.129 GMT+0100,3497.303,3494,0.0075,0.0075
08.04.2021 08:27:12.179 GMT+0100,3500.221,3493.492,0.02,0.02
08.04.2021 08:27:22.720 GMT+0100,3498.5490000000004,3493.7790000000005,0.0075,0.02
08.04.2021 08:27:33.407 GMT+0100,3498.1800000000003,3492.6150000000002,0.02,0.02
08.04.2021 08:27:59.108 GMT+0100,3498.426,3493.6150000000002,0.02,0.0075
08.04.2021 08:28:00.007 GMT+0100,3498.1800000000003,3494.5740000000005,0.02,0.02
08.04.2021 08:28:01.741 GMT+0100,3498.303,3492.82,0.02,0.02
08.04.2021 08:28:02.518 GMT+0100,3496.5490000000004,3492.492,0.0075,0.0075
08.04.2021 08:28:02.568 GMT+0100,3496.221,3492,0.02,0.02
08.04.2021 08:28:08.281 GMT+0100,3496.467,3492.492,0.02,0.0075
08.04.2021 08:28:11.534 GMT+0100,3496.385,3491.533,0.02,0.02
08.04.2021 08:28:51.254 GMT+0100,3496.1800000000003,3493,0.02,0.02
08.04.2021 08:28:51.304 GMT+0100,3496.385,3491.6150000000002,0.02,0.02
08.04.2021 08:28:59.970 GMT+0100,3496.3440000000005,3492.656,0.02,0.02
08.04.2021 08:29:01.796 GMT+0100,3496.3440000000005,3492,0.02,0.02
08.04.2021 08:29:16.215 GMT+0100,3495.1800000000003,3491.697,0.0075,0.02
08.04.2021 08:29:17.529 GMT+0100,3494.426,3488.6150000000002,0.02,0.02
08.04.2021 08:29:17.579 GMT+0100,3494.221,3489.492,0.02,0.02
08.04.2021 08:29:17.632 GMT+0100,3495,3489.533,0.02,0.02
08.04.2021 08:29:17.718 GMT+0100,3493,3487.697,0.02,0.02
08.04.2021 08:29:18.068 GMT+0100,3491.262,3487.656,0.0075,0.0075
08.04.2021 08:29:18.118 GMT+0100,3491.5490000000004,3486.6150000000002,0.02,0.02
08.04.2021 08:29:20.230 GMT+0100,3491.5490000000004,3487.697,0.02,0.0075
08.04.2021 08:29:20.618 GMT+0100,3491.221,3486.492,0.02,0.02
08.04.2021 08:29:21.720 GMT+0100,3491.3440000000005,3487.451,0.02,0.0075
08.04.2021 08:29:21.820 GMT+0100,3491.5490000000004,3486.492,0.02,0.02
08.04.2021 08:29:46.286 GMT+0100,3491.262,3487.533,0.02,0.0075
08.04.2021 08:29:50.059 GMT+0100,3491.3440000000005,3488.697,0.02,0.0075
08.04.2021 08:29:51.406 GMT+0100,3491.426,3489.82,0.02,0.0075
08.04.2021 08:29:51.457 GMT+0100,3494.303,3489.738,0.02,0.02
08.04.2021 08:29:53.015 GMT+0100,3494.303,3487.738,0.02,0.02
08.04.2021 08:29:55.116 GMT+0100,3494.1800000000003,3488.492,0.02,0.0075
08.04.2021 08:29:55.332 GMT+0100,3495.3440000000005,3489.7790000000005,0.02,0.02
08.04.2021 08:30:00.116 GMT+0100,3496.3440000000005,3492,0.02,0.02
08.04.2021 08:30:02.896 GMT+0100,3497.508,3491.738,0.02,0.02
08.04.2021 08:30:10.607 GMT+0100,3495.3440000000005,3491.82,0.02,0.02
08.04.2021 08:30:11.904 GMT+0100,3496.385,3492,0.02,0.02
08.04.2021 08:30:18.128 GMT+0100,3495.385,3491.451,0.0075,0.02
08.04.2021 08:30:26.165 GMT+0100,3495.303,3488.656,0.02,0.02
08.04.2021 08:30:30.806 GMT+0100,3495.3440000000005,3489.533,0.02,0.02
08.04.2021 08:30:31.935 GMT+0100,3493.262,3489.533,0.02,0.02
08.04.2021 08:30:32.110 GMT+0100,3494.385,3489.533,0.02,0.02
08.04.2021 08:30:32.606 GMT+0100,3495.221,3489.492,0.02,0.02
08.04.2021 08:30:32.732 GMT+0100,3494.3440000000005,3489.82,0.02,0.02
08.04.2021 08:30:34.806 GMT+0100,3495.3440000000005,3490,0.02,0.02
08.04.2021 08:30:34.986 GMT+0100,3494.3440000000005,3489.492,0.0075,0.02
08.04.2021 08:30:35.087 GMT+0100,3494.262,3488.533,0.02,0.02
08.04.2021 08:30:45.226 GMT+0100,3493.262,3488.738,0.0075,0.02
08.04.2021 08:31:03.652 GMT+0100,3495.221,3489.5740000000005,0.02,0.02
08.04.2021 08:31:05.100 GMT+0100,3496.467,3490.738,0.02,0.0075
08.04.2021 08:31:05.251 GMT+0100,3497.5490000000004,3490.738,0.02,0.02
08.04.2021 08:31:06.944 GMT+0100,3497.385,3491.451,0.02,0.0075
08.04.2021 08:31:10.762 GMT+0100,3497.467,3490.451,0.02,0.02
08.04.2021 08:31:16.253 GMT+0100,3497.426,3492.697,0.02,0.0075
08.04.2021 08:31:16.865 GMT+0100,3498.303,3492.6150000000002,0.02,0.02
08.04.2021 08:31:29.707 GMT+0100,3497.385,3492.656,0.0075,0.02
08.04.2021 08:31:36.339 GMT+0100,3498.303,3492.5740000000005,0.02,0.02
08.04.2021 08:31:36.963 GMT+0100,3498.303,3494,0.02,0.0075
08.04.2021 08:32:10.036 GMT+0100,3494.467,3488.5740000000005,0.02,0.02
08.04.2021 08:32:10.116 GMT+0100,3493.5490000000004,3488.738,0.0075,0.0075
08.04.2021 08:32:10.166 GMT+0100,3493.508,3487.451,0.02,0.02
08.04.2021 08:32:10.267 GMT+0100,3492.1800000000003,3486.82,0.02,0.02
08.04.2021 08:32:10.846 GMT+0100,3493.221,3486.451,0.02,0.02
08.04.2021 08:32:11.312 GMT+0100,3493.426,3487.5740000000005,0.02,0.0075
08.04.2021 08:32:17.113 GMT+0100,3493.262,3486.82,0.02,0.02
08.04.2021 08:32:20.509 GMT+0100,3490.1800000000003,3486.697,0.0075,0.0075
08.04.2021 08:32:20.559 GMT+0100,3490.5490000000004,3485.738,0.02,0.02
08.04.2021 08:32:22.278 GMT+0100,3492.426,3486.82,0.02,0.02
08.04.2021 08:32:22.344 GMT+0100,3490.3440000000005,3486.738,0.0075,0.0075
08.04.2021 08:32:22.395 GMT+0100,3490.303,3486,0.02,0.02
08.04.2021 08:32:23.536 GMT+0100,3489.508,3485.451,0.0075,0.02
08.04.2021 08:32:23.587 GMT+0100,3489.3440000000005,3484.5740000000005,0.02,0.02
08.04.2021 08:32:28.701 GMT+0100,3490.221,3484.656,0.0075,0.02
08.04.2021 08:32:35.172 GMT+0100,3491.508,3484.533,0.02,0.02
08.04.2021 08:32:36.188 GMT+0100,3490.467,3484.697,0.0075,0.02
08.04.2021 08:32:47.172 GMT+0100,3489.1800000000003,3484.82,0.02,0.02
08.04.2021 08:32:47.224 GMT+0100,3489,3483.6150000000002,0.02,0.02
08.04.2021 08:32:47.275 GMT+0100,3486.426,3481.7790000000005,0.02,0.02
08.04.2021 08:32:48.144 GMT+0100,3485.221,3482,0.0075,0.0075
08.04.2021 08:32:48.194 GMT+0100,3485.385,3478.7790000000005,0.02,0.02
08.04.2021 08:32:48.860 GMT+0100,3484.221,3479,0.0075,0.0075
08.04.2021 08:32:48.910 GMT+0100,3485.1800000000003,3479,0.02,0.02
08.04.2021 08:32:50.225 GMT+0100,3485.221,3479.533,0.02,0.0075
08.04.2021 08:32:50.275 GMT+0100,3486,3479.82,0.02,0.02
08.04.2021 08:32:58.452 GMT+0100,3485.426,3479.533,0.0075,0.02
08.04.2021 08:33:00.081 GMT+0100,3486.385,3479.656,0.02,0.02
08.04.2021 08:33:01.528 GMT+0100,3485.221,3479.5740000000005,0.0075,0.02
08.04.2021 08:33:02.057 GMT+0100,3486.1800000000003,3479.656,0.02,0.02
08.04.2021 08:33:02.933 GMT+0100,3487.262,3480.656,0.02,0.02
08.04.2021 08:33:03.060 GMT+0100,3487.508,3484.533,0.0075,0.0075
08.04.2021 08:33:03.110 GMT+0100,3490.221,3484.656,0.02,0.02
08.04.2021 08:33:03.211 GMT+0100,3491.3440000000005,3484.82,0.02,0.02
08.04.2021 08:33:03.813 GMT+0100,3490.303,3484.492,0.0075,0.0075
08.04.2021 08:33:03.863 GMT+0100,3490.508,3484,0.02,0.02
08.04.2021 08:33:05.087 GMT+0100,3489.467,3483.533,0.02,0.02
08.04.2021 08:33:05.357 GMT+0100,3488.467,3483.6150000000002,0.0075,0.0075
08.04.2021 08:33:05.407 GMT+0100,3488.303,3482.738,0.02,0.02
08.04.2021 08:33:08.045 GMT+0100,3488.262,3484.697,0.0075,0.0075
08.04.2021 08:33:08.095 GMT+0100,3489.221,3484.5740000000005,0.02,0.02
08.04.2021 08:33:09.174 GMT+0100,3489.5490000000004,3482.697,0.02,0.02
08.04.2021 08:33:21.983 GMT+0100,3488.1800000000003,3482.451,0.0075,0.02
08.04.2021 08:33:22.285 GMT+0100,3489.426,3482.656,0.02,0.02
08.04.2021 08:33:26.666 GMT+0100,3488.1800000000003,3482.6150000000002,0.0075,0.02
08.04.2021 08:33:29.153 GMT+0100,3488,3483.697,0.02,0.02
08.04.2021 08:33:30.774 GMT+0100,3488.262,3484.697,0.02,0.0075
08.04.2021 08:33:51.268 GMT+0100,3490.5490000000004,3483.492,0.02,0.02
08.04.2021 08:34:02.263 GMT+0100,3490.1800000000003,3484.656,0.02,0.02
08.04.2021 08:34:14.572 GMT+0100,3490.262,3485.533,0.0075,0.0075
08.04.2021 08:34:14.622 GMT+0100,3491.3440000000005,3485.697,0.02,0.02
08.04.2021 08:34:14.673 GMT+0100,3490.262,3484.451,0.02,0.02
08.04.2021 08:34:15.069 GMT+0100,3491.385,3484.451,0.02,0.02
08.04.2021 08:34:18.973 GMT+0100,3490.221,3484.533,0.02,0.02
08.04.2021 08:35:00.358 GMT+0100,3491.467,3484.656,0.02,0.02
08.04.2021 08:35:10.676 GMT+0100,3490.467,3484.492,0.0075,0.02
08.04.2021 08:35:11.750 GMT+0100,3489.385,3484.5740000000005,0.0075,0.02
08.04.2021 08:35:11.800 GMT+0100,3489.262,3482.82,0.02,0.02
08.04.2021 08:35:11.852 GMT+0100,3488.385,3483,0.0075,0.02
08.04.2021 08:36:21.552 GMT+0100,3486.508,3479.697,0.02,0.02
08.04.2021 08:36:21.712 GMT+0100,3486.385,3480.656,0.02,0.0075
08.04.2021 08:36:47.738 GMT+0100,3486.385,3482.451,0.02,0.02
08.04.2021 08:37:10.758 GMT+0100,3486.1800000000003,3481.5740000000005,0.02,0.02
08.04.2021 08:37:14.473 GMT+0100,3485.5490000000004,3480.533,0.0075,0.02
08.04.2021 08:37:14.574 GMT+0100,3485.467,3479.6150000000002,0.02,0.02
08.04.2021 08:37:20.271 GMT+0100,3484.426,3478.492,0.02,0.02
08.04.2021 08:37:20.382 GMT+0100,3483.1800000000003,3477.533,0.02,0.02
08.04.2021 08:37:20.432 GMT+0100,3482,3475.656,0.02,0.02
08.04.2021 08:37:20.482 GMT+0100,3482.3440000000005,3476.7790000000005,0.02,0.02
08.04.2021 08:37:21.022 GMT+0100,3481.262,3477,0.0075,0.02
08.04.2021 08:37:21.072 GMT+0100,3481.5490000000004,3475.451,0.02,0.02
08.04.2021 08:37:22.683 GMT+0100,3482.508,3475.697,0.02,0.02
08.04.2021 08:37:22.734 GMT+0100,3482.303,3476.451,0.02,0.02
08.04.2021 08:37:24.128 GMT+0100,3481.1800000000003,3475.82,0.02,0.02
08.04.2021 08:37:30.800 GMT+0100,3480.385,3475.7790000000005,0.02,0.02
08.04.2021 08:37:30.902 GMT+0100,3481.262,3475.533,0.02,0.02
08.04.2021 08:37:31.263 GMT+0100,3481.3440000000005,3474.697,0.02,0.02
08.04.2021 08:37:31.313 GMT+0100,3481,3475.492,0.02,0.02
08.04.2021 08:37:42.098 GMT+0100,3481.221,3474.82,0.02,0.02
08.04.2021 08:37:54.260 GMT+0100,3480.262,3474.492,0.02,0.02
08.04.2021 08:38:01.052 GMT+0100,3480.3440000000005,3475.5740000000005,0.02,0.0075
08.04.2021 08:38:40.951 GMT+0100,3479.262,3475.533,0.0075,0.02
08.04.2021 08:38:41.052 GMT+0100,3480.5490000000004,3476,0.02,0.02
08.04.2021 08:38:46.747 GMT+0100,3480.1800000000003,3478.6150000000002,0.0075,0.0075
08.04.2021 08:38:46.798 GMT+0100,3483.262,3478.738,0.02,0.02
08.04.2021 08:38:47.507 GMT+0100,3481.467,3478.82,0.02,0.02
08.04.2021 08:38:50.920 GMT+0100,3480.3440000000005,3478.492,0.0075,0.02
08.04.2021 08:38:50.970 GMT+0100,3480.3440000000005,3476.82,0.02,0.02
08.04.2021 08:38:51.045 GMT+0100,3480.3440000000005,3476,0.02,0.02
08.04.2021 08:38:52.566 GMT+0100,3480.5490000000004,3475,0.02,0.02
08.04.2021 08:38:52.617 GMT+0100,3480.221,3475.6150000000002,0.02,0.02
08.04.2021 08:39:35.322 GMT+0100,3480.262,3477,0.0075,0.0075
08.04.2021 08:39:40.396 GMT+0100,3481.1800000000003,3478.7790000000005,0.0075,0.02
08.04.2021 08:39:40.446 GMT+0100,3482.426,3478.451,0.02,0.02
08.04.2021 08:39:40.562 GMT+0100,3483.1800000000003,3478.7790000000005,0.02,0.02
08.04.2021 08:39:41.790 GMT+0100,3483.303,3477.656,0.02,0.02
08.04.2021 08:39:45.656 GMT+0100,3482.426,3478.492,0.02,0.02
08.04.2021 08:39:45.706 GMT+0100,3483,3477.82,0.02,0.02
08.04.2021 08:39:45.756 GMT+0100,3482.426,3477,0.02,0.02
08.04.2021 08:40:01.324 GMT+0100,3481.1800000000003,3476.7790000000005,0.0075,0.0075
08.04.2021 08:40:01.374 GMT+0100,3480.3440000000005,3474.697,0.02,0.02
08.04.2021 08:40:02.115 GMT+0100,3480,3473.6150000000002,0.02,0.02
08.04.2021 08:40:03.716 GMT+0100,3480.508,3476.6150000000002,0.02,0.0075
08.04.2021 08:40:12.966 GMT+0100,3480,3473.451,0.02,0.02
08.04.2021 08:40:19.048 GMT+0100,3480.262,3474.6150000000002,0.02,0.02
08.04.2021 08:40:36.615 GMT+0100,3481.467,3475.6150000000002,0.02,0.02
08.04.2021 08:40:45.039 GMT+0100,3481.303,3478.738,0.02,0.02
08.04.2021 08:40:52.414 GMT+0100,3480.221,3478.75,0.0075,0.0075
08.04.2021 08:40:52.464 GMT+0100,3480,3474.7790000000005,0.02,0.02
08.04.2021 08:40:52.514 GMT+0100,3478.1800000000003,3474.82,0.02,0.02
08.04.2021 08:40:54.904 GMT+0100,3480.221,3474.656,0.02,0.02
08.04.2021 08:40:55.512 GMT+0100,3480.303,3475.533,0.02,0.0075
08.04.2021 08:41:10.200 GMT+0100,3480.3440000000005,3477.82,0.02,0.02
08.04.2021 08:41:10.250 GMT+0100,3482.303,3477.492,0.02,0.02
08.04.2021 08:41:11.480 GMT+0100,3482.508,3480,0.02,0.0075
08.04.2021 08:41:12.052 GMT+0100,3485.467,3479.5740000000005,0.02,0.02
08.04.2021 08:41:17.079 GMT+0100,3485.5490000000004,3481.656,0.02,0.0075
08.04.2021 08:41:23.502 GMT+0100,3484.467,3481.533,0.0075,0.0075
08.04.2021 08:41:23.552 GMT+0100,3480.508,3477.492,0.02,0.02
08.04.2021 08:41:23.602 GMT+0100,3480.262,3476.451,0.02,0.02
08.04.2021 08:41:24.906 GMT+0100,3481.5490000000004,3476.656,0.02,0.02
08.04.2021 08:41:24.957 GMT+0100,3482.3440000000005,3476.492,0.02,0.02
08.04.2021 08:41:32.389 GMT+0100,3481.262,3476.6150000000002,0.0075,0.0075
08.04.2021 08:41:32.439 GMT+0100,3481.385,3475.656,0.02,0.02
08.04.2021 08:41:46.005 GMT+0100,3479.1800000000003,3474.5740000000005,0.02,0.02
08.04.2021 08:41:46.116 GMT+0100,3480.3440000000005,3475,0.02,0.02
08.04.2021 08:41:54.848 GMT+0100,3480.5490000000004,3478.697,0.0075,0.0075
08.04.2021 08:41:54.898 GMT+0100,3482.1800000000003,3478.656,0.02,0.02
08.04.2021 08:41:58.192 GMT+0100,3482.508,3476.6150000000002,0.02,0.02
08.04.2021 08:41:58.243 GMT+0100,3480.467,3475.6150000000002,0.02,0.02
08.04.2021 08:41:58.293 GMT+0100,3480.3440000000005,3474.451,0.02,0.02
08.04.2021 08:41:59.240 GMT+0100,3480.467,3475.5740000000005,0.02,0.02
08.04.2021 08:41:59.507 GMT+0100,3480.385,3475,0.02,0.02
08.04.2021 08:42:03.703 GMT+0100,3481.385,3475.6150000000002,0.02,0.02
08.04.2021 08:42:03.916 GMT+0100,3480.508,3474.656,0.02,0.02
08.04.2021 08:42:04.434 GMT+0100,3481.221,3475.6150000000002,0.02,0.02
08.04.2021 08:42:04.484 GMT+0100,3482.426,3475.533,0.02,0.02
08.04.2021 08:42:04.786 GMT+0100,3482.1800000000003,3476.451,0.02,0.0075
08.04.2021 08:42:17.116 GMT+0100,3482.303,3477.738,0.02,0.0075
08.04.2021 08:42:32.217 GMT+0100,3487.262,3481.82,0.02,0.02
08.04.2021 08:42:32.316 GMT+0100,3485.5490000000004,3481.7790000000005,0.0075,0.02
08.04.2021 08:42:32.420 GMT+0100,3487.1800000000003,3481.82,0.02,0.02
08.04.2021 08:42:33.716 GMT+0100,3487.467,3483.82,0.02,0.0075
08.04.2021 08:42:38.916 GMT+0100,3485.426,3483.75,0.0075,0.0075
08.04.2021 08:42:38.966 GMT+0100,3485.303,3478.6150000000002,0.02,0.02
08.04.2021 08:42:40.940 GMT+0100,3485.467,3479.5740000000005,0.02,0.0075
08.04.2021 08:42:44.824 GMT+0100,3485.262,3478.656,0.02,0.02
08.04.2021 08:42:46.172 GMT+0100,3485.508,3479.5740000000005,0.02,0.0075
08.04.2021 08:43:03.795 GMT+0100,3484.1800000000003,3478.5740000000005,0.02,0.02
08.04.2021 08:43:04.777 GMT+0100,3484.3440000000005,3479.533,0.02,0.02
08.04.2021 08:43:10.284 GMT+0100,3483.262,3479.533,0.0075,0.02
08.04.2021 08:43:10.334 GMT+0100,3484.508,3479.738,0.02,0.02
08.04.2021 08:43:49.601 GMT+0100,3483.508,3479.533,0.02,0.02
08.04.2021 08:43:54.007 GMT+0100,3483.303,3477.7790000000005,0.02,0.02
08.04.2021 08:43:55.051 GMT+0100,3483.426,3478.697,0.02,0.0075
08.04.2021 08:43:56.690 GMT+0100,3483.3440000000005,3477.656,0.02,0.02
08.04.2021 08:44:02.654 GMT+0100,3482.5490000000004,3478.656,0.02,0.02
08.04.2021 08:44:02.798 GMT+0100,3482.262,3476.451,0.02,0.02
08.04.2021 08:44:03.556 GMT+0100,3482,3475.492,0.02,0.02
08.04.2021 08:44:12.784 GMT+0100,3482.467,3477.533,0.0075,0.0075
08.04.2021 08:44:12.834 GMT+0100,3483.508,3477.656,0.02,0.02
08.04.2021 08:44:14.920 GMT+0100,3483.221,3479.5740000000005,0.02,0.02
08.04.2021 08:44:15.916 GMT+0100,3482.262,3479.738,0.0075,0.0075
08.04.2021 08:44:15.966 GMT+0100,3482.385,3478.533,0.02,0.02
08.04.2021 08:44:16.551 GMT+0100,3479.221,3478.656,0.0075,0.0075
08.04.2021 08:44:16.602 GMT+0100,3479.3440000000005,3475.656,0.02,0.02
08.04.2021 08:44:17.582 GMT+0100,3481.3440000000005,3475.6150000000002,0.02,0.02
08.04.2021 08:44:43.442 GMT+0100,3481.5490000000004,3477.533,0.02,0.0075
08.04.2021 08:44:43.543 GMT+0100,3481.5490000000004,3476.451,0.02,0.02
08.04.2021 08:45:01.038 GMT+0100,3481.3440000000005,3475.533,0.02,0.02
08.04.2021 08:45:01.089 GMT+0100,3481.221,3478,0.02,0.02
08.04.2021 08:45:01.276 GMT+0100,3481.385,3475.738,0.02,0.02
08.04.2021 08:45:03.328 GMT+0100,3480.303,3475.7790000000005,0.0075,0.0075
08.04.2021 08:45:03.378 GMT+0100,3480.303,3474.533,0.02,0.02
08.04.2021 08:45:27.120 GMT+0100,3480.5490000000004,3476.451,0.0075,0.0075
08.04.2021 08:45:27.170 GMT+0100,3481.1800000000003,3476.697,0.02,0.02
08.04.2021 08:45:27.271 GMT+0100,3481.385,3477.533,0.02,0.02
08.04.2021 08:45:58.254 GMT+0100,3481.303,3475.5740000000005,0.02,0.02
08.04.2021 08:45:58.304 GMT+0100,3480.1800000000003,3474.7790000000005,0.02,0.02
08.04.2021 08:45:58.405 GMT+0100,3479.426,3474,0.02,0.02
08.04.2021 08:46:06.332 GMT+0100,3479,3474.451,0.02,0.02
08.04.2021 08:46:06.461 GMT+0100,3478.467,3472.5740000000005,0.02,0.02
08.04.2021 08:46:06.614 GMT+0100,3479.3440000000005,3472.656,0.02,0.02
08.04.2021 08:46:06.779 GMT+0100,3478.303,3473,0.0075,0.02
08.04.2021 08:46:15.397 GMT+0100,3479.385,3472.82,0.02,0.02
08.04.2021 08:46:30.256 GMT+0100,3479.5490000000004,3473.656,0.02,0.02
08.04.2021 08:46:36.760 GMT+0100,3479,3475.7790000000005,0.02,0.02
08.04.2021 08:46:40.615 GMT+0100,3479.508,3473.451,0.02,0.02
08.04.2021 08:46:51.395 GMT+0100,3479.221,3474.451,0.02,0.02
08.04.2021 08:46:54.602 GMT+0100,3479,3473.738,0.02,0.02
08.04.2021 08:47:03.932 GMT+0100,3479.1800000000003,3474.533,0.02,0.0075
08.04.2021 08:47:24.496 GMT+0100,3477.467,3473,0.02,0.02
08.04.2021 08:47:47.318 GMT+0100,3476.262,3472.5740000000005,0.02,0.02
08.04.2021 08:47:47.368 GMT+0100,3476.221,3471.82,0.02,0.02
08.04.2021 08:47:51.034 GMT+0100,3475.508,3471.7790000000005,0.02,0.02
08.04.2021 08:47:51.162 GMT+0100,3475.426,3470.697,0.02,0.02
08.04.2021 08:47:58.015 GMT+0100,3475,3471.656,0.02,0.0075
08.04.2021 08:47:58.065 GMT+0100,3475.262,3470.492,0.02,0.02
08.04.2021 08:47:59.253 GMT+0100,3475.385,3471.697,0.02,0.0075
08.04.2021 08:48:04.651 GMT+0100,3475.5490000000004,3473.6150000000002,0.0075,0.0075
08.04.2021 08:48:04.701 GMT+0100,3477.426,3473.492,0.02,0.02
08.04.2021 08:48:04.803 GMT+0100,3478.426,3473.7790000000005,0.02,0.02
08.04.2021 08:48:04.854 GMT+0100,3479.221,3474.451,0.02,0.02
08.04.2021 08:48:06.666 GMT+0100,3478.508,3474.451,0.0075,0.02
08.04.2021 08:48:23.749 GMT+0100,3478.221,3475.82,0.02,0.0075
08.04.2021 08:48:50.144 GMT+0100,3478.508,3474.7790000000005,0.02,0.02
08.04.2021 08:48:58.277 GMT+0100,3478.3440000000005,3477.738,0.0075,0.0075
08.04.2021 08:48:58.328 GMT+0100,3482.508,3477.738,0.02,0.02
08.04.2021 08:48:59.465 GMT+0100,3481.508,3477.82,0.02,0.02
08.04.2021 08:48:59.763 GMT+0100,3481.5490000000004,3475.7790000000005,0.02,0.02
08.04.2021 08:49:03.640 GMT+0100,3481.467,3478,0.02,0.0075
08.04.2021 08:49:08.557 GMT+0100,3482.262,3477.697,0.02,0.02
08.04.2021 08:50:05.469 GMT+0100,3481.385,3477.656,0.02,0.02
08.04.2021 08:50:05.598 GMT+0100,3480.303,3474.451,0.02,0.02
08.04.2021 08:50:07.766 GMT+0100,3477,3475,0.0075,0.0075
08.04.2021 08:50:07.816 GMT+0100,3477.467,3472.82,0.02,0.02
08.04.2021 08:50:18.177 GMT+0100,3475.426,3472.6150000000002,0.0075,0.0075
08.04.2021 08:50:18.231 GMT+0100,3475.385,3471.5740000000005,0.02,0.02
08.04.2021 08:50:18.370 GMT+0100,3475.467,3470.697,0.02,0.02
08.04.2021 08:50:26.181 GMT+0100,3475.385,3471.6150000000002,0.02,0.0075
08.04.2021 08:50:28.378 GMT+0100,3475.467,3470.656,0.02,0.02
08.04.2021 08:50:35.807 GMT+0100,3475,3471.6150000000002,0.02,0.0075
08.04.2021 08:50:40.655 GMT+0100,3475.467,3470.492,0.02,0.02
08.04.2021 08:50:42.185 GMT+0100,3475.221,3471.738,0.02,0.02
08.04.2021 08:50:42.236 GMT+0100,3475.303,3470.82,0.02,0.02
08.04.2021 08:50:42.286 GMT+0100,3475.385,3471.697,0.02,0.02
08.04.2021 08:50:45.533 GMT+0100,3478.508,3473.533,0.02,0.02
08.04.2021 08:50:45.583 GMT+0100,3479,3475,0.02,0.02
08.04.2021 08:50:45.740 GMT+0100,3478.1800000000003,3473.656,0.02,0.02
08.04.2021 08:50:53.194 GMT+0100,3478.508,3472.533,0.02,0.02
08.04.2021 08:51:01.524 GMT+0100,3477.303,3472.5740000000005,0.02,0.02
08.04.2021 08:51:01.574 GMT+0100,3477.426,3471.738,0.02,0.02
08.04.2021 08:51:01.675 GMT+0100,3476.467,3470.7790000000005,0.02,0.02
08.04.2021 08:51:06.795 GMT+0100,3477.426,3470.656,0.02,0.02
08.04.2021 08:51:07.570 GMT+0100,3477.508,3471.738,0.02,0.0075
08.04.2021 08:51:07.924 GMT+0100,3477.3440000000005,3472.697,0.02,0.0075
08.04.2021 08:51:08.086 GMT+0100,3476.3440000000005,3471.5740000000005,0.02,0.02
08.04.2021 08:51:08.137 GMT+0100,3476.508,3470.738,0.02,0.02
08.04.2021 08:51:10.843 GMT+0100,3476.3440000000005,3471.697,0.02,0.02
08.04.2021 08:51:15.806 GMT+0100,3476.1800000000003,3472.533,0.02,0.0075
08.04.2021 08:51:16.493 GMT+0100,3476.3440000000005,3471.533,0.02,0.02
08.04.2021 08:51:16.543 GMT+0100,3476.508,3472.738,0.02,0.02
08.04.2021 08:51:16.902 GMT+0100,3476.303,3471.5740000000005,0.02,0.02
08.04.2021 08:51:22.821 GMT+0100,3476.3440000000005,3470.738,0.02,0.02
08.04.2021 08:51:39.442 GMT+0100,3476.5490000000004,3471.82,0.02,0.02
08.04.2021 08:51:41.366 GMT+0100,3476.1800000000003,3470.82,0.02,0.02
08.04.2021 08:51:43.955 GMT+0100,3476.3440000000005,3471.82,0.02,0.0075
08.04.2021 08:51:44.005 GMT+0100,3476,3470.697,0.02,0.02
08.04.2021 08:51:44.090 GMT+0100,3476.426,3471.7790000000005,0.02,0.02
08.04.2021 08:51:45.909 GMT+0100,3476.303,3470.492,0.02,0.02
08.04.2021 08:51:47.362 GMT+0100,3476.221,3471.7790000000005,0.02,0.0075
08.04.2021 08:51:47.412 GMT+0100,3476.303,3470.492,0.02,0.02
08.04.2021 08:51:48.118 GMT+0100,3476.303,3471.6150000000002,0.02,0.0075
08.04.2021 08:51:53.713 GMT+0100,3473.467,3466.533,0.02,0.02
08.04.2021 08:51:54.524 GMT+0100,3472.385,3467,0.0075,0.02
08.04.2021 08:51:54.755 GMT+0100,3473.303,3466.533,0.02,0.02
08.04.2021 08:51:54.805 GMT+0100,3473.262,3467.656,0.02,0.02
08.04.2021 08:51:56.724 GMT+0100,3473.221,3468.738,0.02,0.0075
08.04.2021 08:51:56.825 GMT+0100,3474.5490000000004,3468.738,0.02,0.02
08.04.2021 08:52:03.678 GMT+0100,3474.303,3469.451,0.02,0.0075
08.04.2021 08:52:03.862 GMT+0100,3475.5490000000004,3470,0.02,0.02
08.04.2021 08:52:03.913 GMT+0100,3475.3440000000005,3470.7790000000005,0.02,0.02
08.04.2021 08:52:03.963 GMT+0100,3474.467,3468.656,0.02,0.02
08.04.2021 08:52:06.915 GMT+0100,3473.1800000000003,3468.656,0.0075,0.0075
08.04.2021 08:52:06.966 GMT+0100,3473.385,3467.82,0.02,0.02
08.04.2021 08:52:09.946 GMT+0100,3472.426,3467.82,0.0075,0.02
08.04.2021 08:52:24.124 GMT+0100,3470.262,3468,0.0075,0.0075
08.04.2021 08:52:24.174 GMT+0100,3470.467,3465.82,0.02,0.02
08.04.2021 08:52:42.027 GMT+0100,3470.385,3466.738,0.02,0.02
08.04.2021 08:52:45.444 GMT+0100,3470.426,3465.82,0.02,0.02
08.04.2021 08:52:54.654 GMT+0100,3470.467,3466.82,0.02,0.0075
08.04.2021 08:52:56.556 GMT+0100,3470.508,3467.6150000000002,0.0075,0.0075
08.04.2021 08:52:56.606 GMT+0100,3472,3468,0.02,0.02
08.04.2021 08:52:57.532 GMT+0100,3472.1800000000003,3468.6150000000002,0.02,0.0075
08.04.2021 08:53:01.662 GMT+0100,3471.262,3468.7790000000005,0.0075,0.02
08.04.2021 08:53:03.114 GMT+0100,3471,3467,0.02,0.02
08.04.2021 08:53:08.724 GMT+0100,3470.1800000000003,3466.6150000000002,0.02,0.02
08.04.2021 08:53:08.775 GMT+0100,3470.5490000000004,3464.697,0.02,0.02
08.04.2021 08:53:08.825 GMT+0100,3469,3463.82,0.02,0.02
08.04.2021 08:53:08.875 GMT+0100,3470.3440000000005,3463.533,0.02,0.02
08.04.2021 08:53:08.926 GMT+0100,3470.303,3464.697,0.02,0.02
08.04.2021 08:53:09.185 GMT+0100,3469.221,3463.7790000000005,0.02,0.02
08.04.2021 08:53:11.733 GMT+0100,3468.467,3463.492,0.0075,0.02
08.04.2021 08:53:27.726 GMT+0100,3468.303,3464.6150000000002,0.02,0.0075
08.04.2021 08:53:35.662 GMT+0100,3468.3440000000005,3463.7790000000005,0.02,0.02
08.04.2021 08:53:38.308 GMT+0100,3468.385,3464.492,0.02,0.0075
08.04.2021 08:53:40.369 GMT+0100,3468.262,3465.6150000000002,0.0075,0.0075
08.04.2021 08:53:40.419 GMT+0100,3471.385,3466,0.02,0.02
08.04.2021 08:53:40.516 GMT+0100,3471.5490000000004,3466.451,0.02,0.02
08.04.2021 08:53:40.931 GMT+0100,3471.221,3465.656,0.02,0.02
08.04.2021 08:53:40.981 GMT+0100,3471.303,3468,0.02,0.02
08.04.2021 08:53:41.032 GMT+0100,3471.5490000000004,3466.533,0.02,0.02
08.04.2021 08:53:44.754 GMT+0100,3474.3440000000005,3469.492,0.02,0.02
08.04.2021 08:53:45.716 GMT+0100,3473.1800000000003,3469.533,0.02,0.02
08.04.2021 08:53:45.929 GMT+0100,3472,3469.533,0.0075,0.02
08.04.2021 08:53:50.243 GMT+0100,3474.385,3469.451,0.02,0.02
08.04.2021 08:54:08.239 GMT+0100,3474,3471.492,0.02,0.0075
08.04.2021 08:54:14.030 GMT+0100,3474.221,3469.82,0.02,0.02
08.04.2021 08:54:43.315 GMT+0100,3474.221,3470.738,0.02,0.0075
08.04.2021 08:55:00.037 GMT+0100,3474.1800000000003,3469.7790000000005,0.02,0.02
08.04.2021 08:55:00.137 GMT+0100,3473.3440000000005,3469.697,0.02,0.02
08.04.2021 08:55:00.188 GMT+0100,3474.221,3469.451,0.02,0.02
08.04.2021 08:55:29.000 GMT+0100,3475.303,3469.697,0.02,0.02
08.04.2021 08:55:31.185 GMT+0100,3474.1800000000003,3469.451,0.0075,0.02
08.04.2021 08:55:52.617 GMT+0100,3475.221,3469.6150000000002,0.02,0.02
08.04.2021 08:56:04.390 GMT+0100,3475.426,3471.7790000000005,0.02,0.02
08.04.2021 08:56:04.440 GMT+0100,3476.221,3471.82,0.02,0.02
08.04.2021 08:56:04.578 GMT+0100,3476,3470.697,0.02,0.02
08.04.2021 08:56:05.346 GMT+0100,3476.385,3471.656,0.02,0.02
08.04.2021 08:56:14.771 GMT+0100,3476.221,3472.82,0.02,0.0075
08.04.2021 08:56:30.586 GMT+0100,3476.508,3471.6150000000002,0.02,0.02
08.04.2021 08:56:35.346 GMT+0100,3476.508,3472.5740000000005,0.02,0.02
08.04.2021 08:56:42.465 GMT+0100,3474.426,3472.492,0.0075,0.02
08.04.2021 08:56:46.581 GMT+0100,3474.467,3469.6150000000002,0.02,0.02
08.04.2021 08:57:00.782 GMT+0100,3472.303,3469.6150000000002,0.02,0.02
08.04.2021 08:57:06.912 GMT+0100,3474.3440000000005,3469.492,0.02,0.02
08.04.2021 08:57:07.022 GMT+0100,3475.221,3469.492,0.02,0.02
08.04.2021 08:57:24.252 GMT+0100,3475.1800000000003,3470.533,0.02,0.0075
08.04.2021 08:57:29.349 GMT+0100,3475.508,3469.697,0.02,0.02
08.04.2021 08:57:29.400 GMT+0100,3474.5490000000004,3469.7790000000005,0.02,0.02
08.04.2021 08:57:33.527 GMT+0100,3475.3440000000005,3469.6150000000002,0.02,0.02
08.04.2021 08:57:41.403 GMT+0100,3474.303,3469.738,0.02,0.02
08.04.2021 08:57:44.854 GMT+0100,3474,3470.492,0.02,0.0075
08.04.2021 08:58:24.993 GMT+0100,3474.508,3471.5740000000005,0.0075,0.0075
08.04.2021 08:58:25.043 GMT+0100,3478.385,3472.5740000000005,0.02,0.02
08.04.2021 08:58:25.093 GMT+0100,3476.262,3472.656,0.02,0.02
08.04.2021 08:58:25.144 GMT+0100,3476.221,3472,0.02,0.02
08.04.2021 08:58:25.419 GMT+0100,3476.426,3473.492,0.02,0.0075
08.04.2021 08:58:37.462 GMT+0100,3476.303,3475.697,0.0075,0.0075
08.04.2021 08:58:37.512 GMT+0100,3479.5490000000004,3475.6150000000002,0.02,0.02
08.04.2021 08:58:37.562 GMT+0100,3478.221,3475.5740000000005,0.02,0.02
08.04.2021 08:58:38.274 GMT+0100,3479.426,3475.533,0.02,0.02
08.04.2021 08:58:40.586 GMT+0100,3480.467,3475.738,0.02,0.02
08.04.2021 08:58:40.960 GMT+0100,3480.385,3477.656,0.0075,0.0075
08.04.2021 08:58:41.010 GMT+0100,3481.467,3477.5740000000005,0.02,0.02
08.04.2021 08:58:41.970 GMT+0100,3482.1800000000003,3477.533,0.02,0.02
08.04.2021 08:58:52.307 GMT+0100,3484.467,3477.6150000000002,0.02,0.02
08.04.2021 08:58:52.524 GMT+0100,3484,3480,0.02,0.0075
08.04.2021 08:59:07.827 GMT+0100,3485.303,3479.5740000000005,0.02,0.02
08.04.2021 08:59:08.064 GMT+0100,3485.221,3480.82,0.02,0.0075
08.04.2021 08:59:16.007 GMT+0100,3484.5490000000004,3480.6150000000002,0.02,0.02
08.04.2021 08:59:20.076 GMT+0100,3484.221,3479.5740000000005,0.02,0.02
08.04.2021 08:59:20.274 GMT+0100,3482.221,3480,0.02,0.02
08.04.2021 08:59:20.439 GMT+0100,3483.467,3480,0.02,0.02
08.04.2021 08:59:20.768 GMT+0100,3483.5490000000004,3476.533,0.02,0.02
08.04.2021 08:59:25.236 GMT+0100,3483.467,3478,0.02,0.0075
08.04.2021 08:59:27.920 GMT+0100,3483.1800000000003,3477,0.02,0.02
08.04.2021 08:59:28.681 GMT+0100,3483.5490000000004,3477.656,0.02,0.02
08.04.2021 08:59:35.376 GMT+0100,3482.262,3476.7790000000005,0.02,0.02
08.04.2021 08:59:46.963 GMT+0100,3481.303,3475.451,0.02,0.02
08.04.2021 08:59:47.064 GMT+0100,3480.1800000000003,3475.533,0.02,0.02
08.04.2021 08:59:47.422 GMT+0100,3480.5490000000004,3474.656,0.02,0.02
08.04.2021 08:59:47.585 GMT+0100,3479.1800000000003,3474.6150000000002,0.02,0.02
08.04.2021 08:59:47.881 GMT+0100,3478.262,3472.533,0.02,0.02
08.04.2021 08:59:49.588 GMT+0100,3478.385,3473.656,0.02,0.02
08.04.2021 09:00:01.280 GMT+0100,3478,3472.5740000000005,0.02,0.02
08.04.2021 09:00:15.307 GMT+0100,3478.3440000000005,3474.82,0.02,0.0075
08.04.2021 09:00:15.358 GMT+0100,3478.262,3473.697,0.02,0.02
08.04.2021 09:00:26.086 GMT+0100,3478.5490000000004,3474.656,0.02,0.0075
08.04.2021 09:00:46.502 GMT+0100,3478.426,3473.7790000000005,0.02,0.02
08.04.2021 09:01:18.522 GMT+0100,3476.262,3472.82,0.02,0.02
08.04.2021 09:01:18.572 GMT+0100,3476.1800000000003,3471.5740000000005,0.02,0.02
08.04.2021 09:01:23.499 GMT+0100,3476.262,3472.7790000000005,0.02,0.0075
08.04.2021 09:01:23.599 GMT+0100,3476.467,3471.451,0.02,0.02
08.04.2021 09:01:29.593 GMT+0100,3475.262,3470.492,0.02,0.02
08.04.2021 09:01:29.703 GMT+0100,3476.1800000000003,3470.82,0.02,0.02
08.04.2021 09:01:47.873 GMT+0100,3476,3472.656,0.02,0.0075
08.04.2021 09:01:47.973 GMT+0100,3476.385,3471.697,0.02,0.02
08.04.2021 09:01:50.333 GMT+0100,3476.508,3472.82,0.0075,0.0075
08.04.2021 09:01:50.383 GMT+0100,3479.262,3472.656,0.02,0.02
08.04.2021 09:01:52.160 GMT+0100,3479.1800000000003,3473.6150000000002,0.02,0.0075
08.04.2021 09:01:52.261 GMT+0100,3479.467,3474.7790000000005,0.02,0.02
08.04.2021 09:01:52.433 GMT+0100,3478.426,3474.7790000000005,0.0075,0.0075
08.04.2021 09:01:52.483 GMT+0100,3478,3472.738,0.02,0.02
08.04.2021 09:01:56.736 GMT+0100,3478.262,3473.656,0.0075,0.0075
08.04.2021 09:01:56.786 GMT+0100,3479.5490000000004,3473.451,0.02,0.02
08.04.2021 09:02:05.544 GMT+0100,3480.467,3474.5740000000005,0.02,0.02
08.04.2021 09:02:30.806 GMT+0100,3480.221,3475.451,0.02,0.0075
08.04.2021 09:02:30.857 GMT+0100,3480.1800000000003,3474.7790000000005,0.02,0.02
08.04.2021 09:02:34.545 GMT+0100,3480.3440000000005,3475.5740000000005,0.02,0.02
08.04.2021 09:02:41.966 GMT+0100,3481,3475.6150000000002,0.02,0.02
08.04.2021 09:02:42.657 GMT+0100,3479.262,3475.656,0.0075,0.0075
08.04.2021 09:02:42.707 GMT+0100,3478.426,3473.5740000000005,0.02,0.02
08.04.2021 09:02:42.817 GMT+0100,3479.262,3473.492,0.02,0.02
08.04.2021 09:02:43.749 GMT+0100,3479.1800000000003,3474.451,0.02,0.02
08.04.2021 09:02:49.660 GMT+0100,3478.3440000000005,3474.697,0.0075,0.02
08.04.2021 09:03:03.933 GMT+0100,3478.1800000000003,3475.656,0.0075,0.0075
08.04.2021 09:03:03.983 GMT+0100,3480.467,3474.533,0.02,0.02
08.04.2021 09:03:07.212 GMT+0100,3480.1800000000003,3475.6150000000002,0.02,0.0075
08.04.2021 09:03:15.316 GMT+0100,3479.426,3475.533,0.0075,0.02
08.04.2021 09:03:17.204 GMT+0100,3480.467,3475.533,0.02,0.02
08.04.2021 09:03:25.413 GMT+0100,3479.262,3475.656,0.0075,0.02
08.04.2021 09:03:50.270 GMT+0100,3480.385,3476,0.02,0.02
08.04.2021 09:04:16.193 GMT+0100,3479.508,3473.533,0.02,0.02
08.04.2021 09:04:18.324 GMT+0100,3479.426,3474.82,0.02,0.0075
08.04.2021 09:04:18.374 GMT+0100,3479.303,3474,0.02,0.02
08.04.2021 09:04:26.591 GMT+0100,3480.303,3474.451,0.02,0.02
08.04.2021 09:04:31.051 GMT+0100,3479.1800000000003,3474,0.02,0.02
08.04.2021 09:04:31.464 GMT+0100,3478.5490000000004,3473,0.02,0.02
08.04.2021 09:04:31.574 GMT+0100,3477.303,3472.656,0.02,0.02
08.04.2021 09:04:54.974 GMT+0100,3478.303,3472.738,0.02,0.02
08.04.2021 09:05:01.185 GMT+0100,3477.1800000000003,3472.697,0.0075,0.0075
08.04.2021 09:05:01.236 GMT+0100,3477.3440000000005,3471.656,0.02,0.02
08.04.2021 09:05:03.045 GMT+0100,3477.303,3472.6150000000002,0.0075,0.0075
08.04.2021 09:05:03.095 GMT+0100,3478.3440000000005,3472.82,0.02,0.02
08.04.2021 09:05:23.549 GMT+0100,3477.1800000000003,3472.656,0.0075,0.02
08.04.2021 09:05:23.599 GMT+0100,3477.426,3471.82,0.02,0.02
08.04.2021 09:05:23.649 GMT+0100,3477.508,3472.5740000000005,0.02,0.02
08.04.2021 09:05:23.699 GMT+0100,3477,3471.656,0.02,0.02
08.04.2021 09:05:25.132 GMT+0100,3477,3472.533,0.02,0.0075
08.04.2021 09:05:25.309 GMT+0100,3476.467,3471.697,0.02,0.02
08.04.2021 09:05:35.688 GMT+0100,3476.508,3472.656,0.02,0.0075
08.04.2021 09:05:37.485 GMT+0100,3476.303,3471.7790000000005,0.02,0.02
08.04.2021 09:05:37.626 GMT+0100,3476.5490000000004,3472.5740000000005,0.02,0.0075
08.04.2021 09:05:38.099 GMT+0100,3476.262,3471.492,0.02,0.02
08.04.2021 09:05:39.546 GMT+0100,3476.262,3472.82,0.02,0.02
08.04.2021 09:06:13.908 GMT+0100,3476.467,3471.738,0.02,0.02
08.04.2021 09:06:28.621 GMT+0100,3476.221,3472.451,0.02,0.02
08.04.2021 09:06:54.775 GMT+0100,3477.467,3472.697,0.02,0.02
08.04.2021 09:07:08.512 GMT+0100,3477.385,3473.492,0.02,0.0075
08.04.2021 09:07:28.600 GMT+0100,3476.426,3473.5740000000005,0.0075,0.0075
08.04.2021 09:07:28.651 GMT+0100,3476.262,3472.82,0.02,0.02
08.04.2021 09:07:29.896 GMT+0100,3477.262,3472.6150000000002,0.02,0.02
08.04.2021 09:07:32.962 GMT+0100,3475.303,3472.697,0.0075,0.0075
08.04.2021 09:07:33.012 GMT+0100,3475.467,3470.697,0.02,0.02
08.04.2021 09:07:43.786 GMT+0100,3475.1800000000003,3471.5740000000005,0.0075,0.0075
08.04.2021 09:07:43.837 GMT+0100,3476.385,3471.5740000000005,0.02,0.02
08.04.2021 09:07:55.384 GMT+0100,3476.262,3472.656,0.02,0.0075
08.04.2021 09:07:55.524 GMT+0100,3476.3440000000005,3471.656,0.02,0.02
08.04.2021 09:07:57.768 GMT+0100,3476.467,3472.738,0.02,0.0075
08.04.2021 09:07:57.818 GMT+0100,3476.262,3471.82,0.02,0.02
08.04.2021 09:08:03.583 GMT+0100,3476.385,3470.451,0.02,0.02
08.04.2021 09:08:19.290 GMT+0100,3476.303,3471.82,0.02,0.02
08.04.2021 09:08:33.788 GMT+0100,3475.221,3471.82,0.0075,0.02
08.04.2021 09:10:44.664 GMT+0100,3474.385,3470.82,0.02,0.02
08.04.2021 09:10:50.243 GMT+0100,3475.426,3470.492,0.02,0.02
08.04.2021 09:11:09.465 GMT+0100,3474.262,3470.451,0.0075,0.02
08.04.2021 09:12:24.533 GMT+0100,3474.467,3471.6150000000002,0.02,0.0075
08.04.2021 09:12:24.583 GMT+0100,3474.5490000000004,3470.6150000000002,0.02,0.02
08.04.2021 09:12:53.049 GMT+0100,3475.508,3472.738,0.02,0.02
08.04.2021 09:13:09.800 GMT+0100,3475.262,3473.7790000000005,0.02,0.02
08.04.2021 09:13:21.008 GMT+0100,3475.221,3471.492,0.02,0.02
08.04.2021 09:14:00.142 GMT+0100,3475.385,3472.6150000000002,0.02,0.0075
08.04.2021 09:14:00.304 GMT+0100,3475.221,3471.738,0.02,0.02
08.04.2021 09:14:01.653 GMT+0100,3475.508,3473.6150000000002,0.02,0.0075
08.04.2021 09:14:10.460 GMT+0100,3475.262,3471.656,0.02,0.02
08.04.2021 09:14:15.571 GMT+0100,3476.262,3471.82,0.02,0.02
08.04.2021 09:14:22.802 GMT+0100,3474.1800000000003,3471.533,0.0075,0.0075
08.04.2021 09:14:22.852 GMT+0100,3473.303,3469.7790000000005,0.02,0.02
08.04.2021 09:14:23.299 GMT+0100,3472.1800000000003,3469.656,0.02,0.02
08.04.2021 09:14:41.178 GMT+0100,3472.221,3467.82,0.02,0.02
08.04.2021 09:14:41.229 GMT+0100,3471.221,3467.492,0.02,0.02
08.04.2021 09:14:41.351 GMT+0100,3471.426,3466.451,0.02,0.02
08.04.2021 09:14:52.598 GMT+0100,3470.303,3466.492,0.0075,0.02
08.04.2021 09:15:03.616 GMT+0100,3468.303,3466.451,0.0075,0.0075
08.04.2021 09:15:03.666 GMT+0100,3468.3440000000005,3463.492,0.02,0.02
08.04.2021 09:15:03.727 GMT+0100,3467.426,3463.697,0.0075,0.0075
08.04.2021 09:15:03.777 GMT+0100,3467.3440000000005,3462.656,0.02,0.02
08.04.2021 09:15:04.070 GMT+0100,3466.303,3462.656,0.0075,0.0075
08.04.2021 09:15:04.120 GMT+0100,3466.385,3461.492,0.02,0.02
08.04.2021 09:15:05.007 GMT+0100,3467.467,3461.738,0.02,0.02
08.04.2021 09:15:20.212 GMT+0100,3466.1800000000003,3461.533,0.0075,0.02
08.04.2021 09:15:40.245 GMT+0100,3464.5490000000004,3459.738,0.02,0.02
08.04.2021 09:15:40.346 GMT+0100,3465.1800000000003,3459.738,0.02,0.02
08.04.2021 09:15:50.244 GMT+0100,3464.467,3459.492,0.02,0.02
08.04.2021 09:16:51.053 GMT+0100,3464,3461.492,0.0075,0.0075
08.04.2021 09:16:51.103 GMT+0100,3467,3463,0.02,0.02
08.04.2021 09:16:51.183 GMT+0100,3466.5490000000004,3462.6150000000002,0.0075,0.0075
08.04.2021 09:16:51.234 GMT+0100,3466.221,3460.656,0.02,0.02
08.04.2021 09:16:51.541 GMT+0100,3466.508,3462.492,0.0075,0.0075
08.04.2021 09:16:51.591 GMT+0100,3467.1800000000003,3462.7790000000005,0.02,0.02
08.04.2021 09:16:54.529 GMT+0100,3465.262,3462.82,0.0075,0.02
08.04.2021 09:16:54.765 GMT+0100,3465.467,3463.82,0.0075,0.0075
08.04.2021 09:16:54.815 GMT+0100,3467.508,3462.82,0.02,0.02
08.04.2021 09:16:55.533 GMT+0100,3467.467,3464.533,0.02,0.0075
08.04.2021 09:17:00.903 GMT+0100,3463,3461.82,0.02,0.02
08.04.2021 09:17:02.570 GMT+0100,3466.221,3461.6150000000002,0.02,0.02
08.04.2021 09:17:05.784 GMT+0100,3467.221,3462.6150000000002,0.02,0.02
08.04.2021 09:17:06.435 GMT+0100,3466.1800000000003,3461.6150000000002,0.02,0.02
08.04.2021 09:17:14.668 GMT+0100,3466.385,3462.6150000000002,0.02,0.02
08.04.2021 09:17:15.324 GMT+0100,3464.467,3462.492,0.0075,0.02
08.04.2021 09:17:20.907 GMT+0100,3464.262,3462,0.02,0.02
08.04.2021 09:17:34.915 GMT+0100,3463.5490000000004,3461.738,0.0075,0.02
08.04.2021 09:17:46.416 GMT+0100,3465.221,3461.738,0.02,0.02
08.04.2021 09:17:50.661 GMT+0100,3464.426,3462,0.02,0.02
08.04.2021 09:18:01.036 GMT+0100,3463,3460.7790000000005,0.02,0.02
08.04.2021 09:18:01.379 GMT+0100,3464.508,3460,0.02,0.02
08.04.2021 09:18:02.837 GMT+0100,3462.1800000000003,3456.738,0.02,0.02
08.04.2021 09:18:02.888 GMT+0100,3461.5490000000004,3456.451,0.02,0.02
08.04.2021 09:18:03.012 GMT+0100,3460.508,3456.697,0.02,0.02
08.04.2021 09:18:10.231 GMT+0100,3459.426,3455.738,0.02,0.02
08.04.2021 09:18:10.375 GMT+0100,3459.303,3456.82,0.02,0.02
08.04.2021 09:18:10.618 GMT+0100,3459.426,3455.5740000000005,0.02,0.02
08.04.2021 09:18:12.373 GMT+0100,3459.508,3456.656,0.02,0.02
08.04.2021 09:18:15.109 GMT+0100,3463.385,3459.656,0.02,0.02
08.04.2021 09:18:15.160 GMT+0100,3461,3457.82,0.02,0.02
08.04.2021 09:18:15.299 GMT+0100,3462.262,3457.7790000000005,0.02,0.02
08.04.2021 09:18:16.553 GMT+0100,3462.508,3457,0.02,0.02
08.04.2021 09:18:18.608 GMT+0100,3461.426,3458.533,0.02,0.02
08.04.2021 09:18:43.391 GMT+0100,3461.262,3457.451,0.02,0.02
08.04.2021 09:18:43.442 GMT+0100,3461.303,3456.6150000000002,0.02,0.02
08.04.2021 09:18:43.542 GMT+0100,3460.1800000000003,3456.656,0.02,0.02
08.04.2021 09:18:43.647 GMT+0100,3461,3456.533,0.02,0.02
08.04.2021 09:18:47.567 GMT+0100,3461.467,3455.697,0.02,0.02
08.04.2021 09:18:49.070 GMT+0100,3461.3440000000005,3456.738,0.02,0.0075
08.04.2021 09:18:55.807 GMT+0100,3461.385,3457.533,0.02,0.0075
08.04.2021 09:18:58.048 GMT+0100,3461.3440000000005,3455.738,0.02,0.02
08.04.2021 09:19:00.206 GMT+0100,3460.303,3455.533,0.0075,0.02
08.04.2021 09:19:00.328 GMT+0100,3459,3455.82,0.0075,0.02
08.04.2021 09:19:00.379 GMT+0100,3460.385,3455.82,0.02,0.02
08.04.2021 09:19:00.571 GMT+0100,3460.426,3458,0.02,0.02
08.04.2021 09:19:00.621 GMT+0100,3461.426,3456.7790000000005,0.02,0.02
08.04.2021 09:19:01.136 GMT+0100,3460.426,3456.451,0.0075,0.02
08.04.2021 09:19:01.657 GMT+0100,3460.3440000000005,3455.6150000000002,0.02,0.02
08.04.2021 09:19:08.210 GMT+0100,3460.385,3456.451,0.02,0.0075
08.04.2021 09:19:09.280 GMT+0100,3460.508,3455.5740000000005,0.02,0.02
08.04.2021 09:19:17.995 GMT+0100,3460.303,3456.656,0.02,0.0075
08.04.2021 09:19:18.433 GMT+0100,3460.426,3453.5740000000005,0.02,0.02
08.04.2021 09:19:18.533 GMT+0100,3460.508,3456.7790000000005,0.02,0.02
08.04.2021 09:19:18.634 GMT+0100,3460.221,3453.697,0.02,0.02
08.04.2021 09:19:19.402 GMT+0100,3460.467,3454.451,0.02,0.02
08.04.2021 09:19:21.390 GMT+0100,3460,3455.7790000000005,0.02,0.02
08.04.2021 09:19:30.197 GMT+0100,3459.508,3455.738,0.0075,0.02
08.04.2021 09:19:42.733 GMT+0100,3459.5490000000004,3453.738,0.02,0.02
08.04.2021 09:19:42.784 GMT+0100,3458.508,3453.6150000000002,0.02,0.02
08.04.2021 09:19:42.834 GMT+0100,3459.262,3453.656,0.02,0.02
08.04.2021 09:19:42.908 GMT+0100,3458,3454,0.02,0.02
08.04.2021 09:19:58.350 GMT+0100,3458.467,3454.656,0.02,0.02
08.04.2021 09:20:14.599 GMT+0100,3458,3453.5740000000005,0.02,0.02
08.04.2021 09:20:42.729 GMT+0100,3458.508,3455.738,0.02,0.02
08.04.2021 09:21:03.449 GMT+0100,3458.1800000000003,3452.82,0.02,0.02
08.04.2021 09:21:03.499 GMT+0100,3457.3440000000005,3452.82,0.02,0.02
08.04.2021 09:21:04.299 GMT+0100,3456.221,3451.6150000000002,0.02,0.02
08.04.2021 09:21:04.350 GMT+0100,3457.508,3451.6150000000002,0.02,0.02
08.04.2021 09:21:05.020 GMT+0100,3457.221,3452.492,0.02,0.02
08.04.2021 09:21:05.162 GMT+0100,3457.303,3451.738,0.02,0.02
08.04.2021 09:21:05.328 GMT+0100,3457.385,3452.7790000000005,0.02,0.0075
08.04.2021 09:21:08.125 GMT+0100,3456.426,3452.5740000000005,0.0075,0.0075
08.04.2021 09:21:08.175 GMT+0100,3456.3440000000005,3451.697,0.02,0.02
08.04.2021 09:21:08.435 GMT+0100,3456,3452.7790000000005,0.02,0.0075
08.04.2021 09:21:11.613 GMT+0100,3455.467,3451.533,0.02,0.02
08.04.2021 09:21:11.663 GMT+0100,3456.467,3451.533,0.02,0.02
08.04.2021 09:21:12.150 GMT+0100,3456.385,3450.6150000000002,0.02,0.02
08.04.2021 09:21:12.200 GMT+0100,3456.467,3451.7790000000005,0.02,0.02
08.04.2021 09:21:13.987 GMT+0100,3456.508,3450.533,0.02,0.02
08.04.2021 09:21:16.174 GMT+0100,3454.385,3450.738,0.0075,0.02
08.04.2021 09:21:16.224 GMT+0100,3454.3440000000005,3449.6150000000002,0.02,0.02
08.04.2021 09:21:16.326 GMT+0100,3454.3440000000005,3450.82,0.0075,0.0075
08.04.2021 09:21:16.376 GMT+0100,3455.221,3449.492,0.02,0.02
08.04.2021 09:21:16.427 GMT+0100,3454.467,3448.738,0.02,0.02
08.04.2021 09:21:17.828 GMT+0100,3453.262,3448.82,0.0075,0.02
08.04.2021 09:21:18.344 GMT+0100,3453.221,3450,0.02,0.02
08.04.2021 09:21:18.675 GMT+0100,3454.221,3449.656,0.02,0.02
08.04.2021 09:21:21.952 GMT+0100,3455.262,3449.7790000000005,0.02,0.02
08.04.2021 09:21:22.776 GMT+0100,3454.1800000000003,3449.5740000000005,0.02,0.02
08.04.2021 09:21:36.137 GMT+0100,3453.5490000000004,3449.5740000000005,0.0075,0.02
08.04.2021 09:21:36.188 GMT+0100,3454.1800000000003,3449.82,0.02,0.02
08.04.2021 09:21:40.146 GMT+0100,3453.5490000000004,3449.6150000000002,0.0075,0.02
08.04.2021 09:21:40.516 GMT+0100,3452.426,3449.5740000000005,0.0075,0.02
08.04.2021 09:22:26.843 GMT+0100,3453.467,3447.7790000000005,0.02,0.02
08.04.2021 09:22:26.893 GMT+0100,3454.3440000000005,3448.82,0.02,0.02
08.04.2021 09:22:27.141 GMT+0100,3453.426,3448.492,0.0075,0.02
08.04.2021 09:22:28.763 GMT+0100,3453.508,3451,0.02,0.0075
08.04.2021 09:22:33.981 GMT+0100,3454,3450.6150000000002,0.02,0.02
08.04.2021 09:22:43.306 GMT+0100,3455,3451.738,0.02,0.02
08.04.2021 09:22:43.356 GMT+0100,3456.385,3452,0.02,0.02
08.04.2021 09:22:43.406 GMT+0100,3454.1800000000003,3450.492,0.02,0.02
08.04.2021 09:22:43.642 GMT+0100,3455.303,3451,0.02,0.02
08.04.2021 09:22:44.229 GMT+0100,3456.262,3451,0.02,0.02
08.04.2021 09:22:45.237 GMT+0100,3456,3451.492,0.0075,0.0075
08.04.2021 09:22:45.287 GMT+0100,3457.385,3451.656,0.02,0.02
08.04.2021 09:22:58.000 GMT+0100,3456.221,3451.5740000000005,0.0075,0.02
08.04.2021 09:23:01.925 GMT+0100,3456,3452.6150000000002,0.02,0.02
08.04.2021 09:23:29.002 GMT+0100,3456.3440000000005,3452,0.02,0.02
08.04.2021 09:23:30.409 GMT+0100,3456.221,3452.738,0.02,0.0075
08.04.2021 09:23:30.655 GMT+0100,3456,3455.5740000000005,0.0075,0.0075
08.04.2021 09:23:30.706 GMT+0100,3459.467,3453.82,0.02,0.02
08.04.2021 09:23:34.214 GMT+0100,3459.508,3454.492,0.02,0.0075
08.04.2021 09:23:38.254 GMT+0100,3459.467,3453.6150000000002,0.02,0.02
08.04.2021 09:23:39.924 GMT+0100,3459.1800000000003,3454.697,0.02,0.0075
08.04.2021 09:24:34.448 GMT+0100,3459.508,3455.656,0.02,0.0075
08.04.2021 09:24:49.503 GMT+0100,3459,3456.451,0.0075,0.0075
08.04.2021 09:24:49.553 GMT+0100,3461.3440000000005,3456.656,0.02,0.02
08.04.2021 09:24:49.604 GMT+0100,3460.508,3456.738,0.02,0.02
08.04.2021 09:24:49.775 GMT+0100,3461.5490000000004,3456.697,0.02,0.02
08.04.2021 09:24:50.414 GMT+0100,3461.467,3457.738,0.0075,0.0075
08.04.2021 09:24:50.464 GMT+0100,3462.303,3457.492,0.02,0.02
08.04.2021 09:24:51.454 GMT+0100,3462.3440000000005,3456.738,0.02,0.02
08.04.2021 09:24:56.371 GMT+0100,3461.262,3456.82,0.0075,0.02
08.04.2021 09:25:06.382 GMT+0100,3462.467,3456.5740000000005,0.02,0.02
08.04.2021 09:25:06.488 GMT+0100,3461.467,3457.6150000000002,0.0075,0.0075
08.04.2021 09:25:06.539 GMT+0100,3461.508,3455.7790000000005,0.02,0.02
08.04.2021 09:25:07.524 GMT+0100,3460.385,3455.451,0.02,0.02
08.04.2021 09:25:18.255 GMT+0100,3459.426,3455.6150000000002,0.0075,0.0075
08.04.2021 09:25:18.306 GMT+0100,3460.262,3454.738,0.02,0.02
08.04.2021 09:25:27.699 GMT+0100,3458.5490000000004,3455,0.0075,0.02
08.04.2021 09:25:36.653 GMT+0100,3456.303,3454.738,0.0075,0.02
08.04.2021 09:25:42.966 GMT+0100,3457.426,3454.492,0.02,0.02
08.04.2021 09:25:43.017 GMT+0100,3458.5490000000004,3454.82,0.02,0.02
08.04.2021 09:25:47.052 GMT+0100,3458,3455.5740000000005,0.02,0.0075
08.04.2021 09:25:47.153 GMT+0100,3458.508,3454.82,0.02,0.02
08.04.2021 09:25:49.487 GMT+0100,3457.508,3454.738,0.0075,0.02
08.04.2021 09:25:49.659 GMT+0100,3458.426,3454.5740000000005,0.02,0.02
08.04.2021 09:25:50.804 GMT+0100,3457.426,3454.492,0.0075,0.02
08.04.2021 09:25:50.905 GMT+0100,3458.467,3454.697,0.02,0.02
08.04.2021 09:26:18.916 GMT+0100,3457.1800000000003,3454.6150000000002,0.0075,0.02
08.04.2021 09:26:38.215 GMT+0100,3457.262,3452.656,0.02,0.02
08.04.2021 09:26:41.125 GMT+0100,3456.5490000000004,3452.5740000000005,0.0075,0.02
08.04.2021 09:26:41.788 GMT+0100,3453.262,3449.5740000000005,0.02,0.02
08.04.2021 09:26:43.477 GMT+0100,3453.385,3451,0.02,0.0075
08.04.2021 09:26:44.210 GMT+0100,3455.5490000000004,3450.738,0.02,0.02
08.04.2021 09:26:44.261 GMT+0100,3454.385,3450.6150000000002,0.02,0.02
08.04.2021 09:26:44.324 GMT+0100,3457.262,3451.6150000000002,0.02,0.02
08.04.2021 09:26:44.444 GMT+0100,3455.3440000000005,3450.492,0.02,0.02
08.04.2021 09:26:44.618 GMT+0100,3456.3440000000005,3450.451,0.02,0.02
08.04.2021 09:26:46.254 GMT+0100,3455.5490000000004,3450.451,0.0075,0.02
08.04.2021 09:26:48.543 GMT+0100,3456.1800000000003,3450.451,0.02,0.02
08.04.2021 09:26:48.604 GMT+0100,3456.5490000000004,3453,0.02,0.0075
08.04.2021 09:26:48.654 GMT+0100,3455.385,3450.656,0.02,0.02
08.04.2021 09:26:50.013 GMT+0100,3453,3450.533,0.0075,0.02
08.04.2021 09:26:50.174 GMT+0100,3454.262,3450.82,0.02,0.02
08.04.2021 09:26:50.225 GMT+0100,3452.467,3450.82,0.02,0.02
08.04.2021 09:26:50.599 GMT+0100,3454.426,3450.6150000000002,0.02,0.02
08.04.2021 09:26:51.065 GMT+0100,3455.385,3450.7790000000005,0.02,0.02
08.04.2021 09:26:51.814 GMT+0100,3454.221,3450.82,0.0075,0.02
08.04.2021 09:26:54.634 GMT+0100,3455.5490000000004,3450.738,0.02,0.02
08.04.2021 09:26:58.912 GMT+0100,3454.508,3450.656,0.02,0.02
08.04.2021 09:27:04.090 GMT+0100,3455.467,3451,0.02,0.02
08.04.2021 09:27:04.141 GMT+0100,3455.5490000000004,3451.451,0.02,0.02
08.04.2021 09:27:04.291 GMT+0100,3455.303,3452.5740000000005,0.02,0.02
08.04.2021 09:27:04.342 GMT+0100,3454.262,3450,0.02,0.02
08.04.2021 09:27:06.422 GMT+0100,3453.385,3449.82,0.0075,0.02
08.04.2021 09:27:09.162 GMT+0100,3453.262,3448.697,0.02,0.02
08.04.2021 09:27:11.194 GMT+0100,3453.262,3451,0.02,0.02
08.04.2021 09:27:11.362 GMT+0100,3453.303,3449.533,0.02,0.02
08.04.2021 09:27:11.463 GMT+0100,3453.303,3448.738,0.02,0.02
08.04.2021 09:27:15.450 GMT+0100,3453.385,3450.492,0.02,0.0075
08.04.2021 09:27:15.500 GMT+0100,3453.426,3448.738,0.02,0.02
08.04.2021 09:27:16.453 GMT+0100,3453.508,3450.533,0.02,0.02
08.04.2021 09:27:32.957 GMT+0100,3453.385,3448.7790000000005,0.02,0.02
08.04.2021 09:27:35.245 GMT+0100,3452.508,3448.492,0.02,0.02
08.04.2021 09:27:35.296 GMT+0100,3453.262,3448.6150000000002,0.02,0.02
08.04.2021 09:27:39.004 GMT+0100,3453.385,3447.738,0.02,0.02
08.04.2021 09:27:41.003 GMT+0100,3451.426,3447.697,0.0075,0.02
08.04.2021 09:27:46.085 GMT+0100,3453.467,3449.451,0.02,0.02
08.04.2021 09:27:46.978 GMT+0100,3453.426,3450.533,0.02,0.0075
08.04.2021 09:28:10.811 GMT+0100,3455.385,3451.82,0.02,0.02
08.04.2021 09:28:10.930 GMT+0100,3455.221,3450.492,0.02,0.02
08.04.2021 09:28:11.019 GMT+0100,3454.1800000000003,3450.6150000000002,0.02,0.02
08.04.2021 09:28:12.320 GMT+0100,3453,3450.697,0.0075,0.02
08.04.2021 09:29:09.350 GMT+0100,3452.262,3450.738,0.0075,0.02
08.04.2021 09:29:09.400 GMT+0100,3452.426,3447.738,0.02,0.02
08.04.2021 09:29:09.859 GMT+0100,3452.426,3448.656,0.02,0.0075
08.04.2021 09:29:20.701 GMT+0100,3452.303,3450,0.02,0.0075
08.04.2021 09:30:01.035 GMT+0100,3453.426,3449.82,0.02,0.02
08.04.2021 09:30:01.112 GMT+0100,3452.385,3449.7790000000005,0.0075,0.02
08.04.2021 09:30:01.163 GMT+0100,3453.426,3449.7790000000005,0.02,0.02
08.04.2021 09:30:04.051 GMT+0100,3452.221,3449.533,0.0075,0.0075
08.04.2021 09:30:04.101 GMT+0100,3452.385,3447.5740000000005,0.02,0.02
08.04.2021 09:30:04.996 GMT+0100,3453,3447.5740000000005,0.02,0.02
08.04.2021 09:30:05.784 GMT+0100,3452.426,3447.533,0.02,0.02
08.04.2021 09:30:09.512 GMT+0100,3451.5490000000004,3447.451,0.02,0.02
08.04.2021 09:30:20.820 GMT+0100,3452.262,3447.7790000000005,0.02,0.02
08.04.2021 09:30:24.349 GMT+0100,3450.303,3447.697,0.02,0.02
08.04.2021 09:30:25.127 GMT+0100,3452.385,3447.738,0.02,0.02
08.04.2021 09:30:26.705 GMT+0100,3452.221,3449.6150000000002,0.02,0.0075
08.04.2021 09:30:26.863 GMT+0100,3452.3440000000005,3447.697,0.02,0.02
08.04.2021 09:30:32.473 GMT+0100,3452,3448.5740000000005,0.02,0.02
08.04.2021 09:30:35.012 GMT+0100,3453,3448.697,0.02,0.02
08.04.2021 09:30:35.854 GMT+0100,3453.5490000000004,3449.738,0.02,0.02
08.04.2021 09:30:50.877 GMT+0100,3453.385,3448.533,0.02,0.02
08.04.2021 09:30:51.447 GMT+0100,3452.5490000000004,3448.6150000000002,0.0075,0.0075
08.04.2021 09:30:51.497 GMT+0100,3452.385,3447.697,0.02,0.02
08.04.2021 09:31:01.034 GMT+0100,3452.426,3448.5740000000005,0.0075,0.0075
08.04.2021 09:31:01.084 GMT+0100,3453.3440000000005,3448.82,0.02,0.02
08.04.2021 09:31:07.378 GMT+0100,3452.426,3448.738,0.0075,0.02
08.04.2021 09:31:10.904 GMT+0100,3452.303,3447.7790000000005,0.02,0.02
08.04.2021 09:31:14.897 GMT+0100,3453.262,3447.7790000000005,0.02,0.02
08.04.2021 09:31:15.526 GMT+0100,3453.3440000000005,3448.697,0.02,0.0075
08.04.2021 09:31:15.712 GMT+0100,3453.467,3447.492,0.02,0.02
08.04.2021 09:31:15.968 GMT+0100,3452.1800000000003,3449.738,0.0075,0.0075
08.04.2021 09:31:43.026 GMT+0100,3453.1800000000003,3449.5740000000005,0.02,0.02
08.04.2021 09:31:43.136 GMT+0100,3453.221,3450.82,0.02,0.0075
08.04.2021 09:31:43.237 GMT+0100,3453.221,3449.492,0.02,0.02
08.04.2021 09:31:43.685 GMT+0100,3454.262,3450,0.02,0.02
08.04.2021 09:31:43.735 GMT+0100,3453.5490000000004,3450.82,0.02,0.02
08.04.2021 09:31:43.786 GMT+0100,3453.467,3449.451,0.02,0.02
08.04.2021 09:32:15.026 GMT+0100,3453.3440000000005,3450.533,0.0075,0.0075
08.04.2021 09:32:15.077 GMT+0100,3454.1800000000003,3450.697,0.02,0.02
08.04.2021 09:32:15.387 GMT+0100,3454.1800000000003,3449.738,0.02,0.02
08.04.2021 09:32:23.564 GMT+0100,3453.385,3450.656,0.0075,0.0075
08.04.2021 09:32:23.615 GMT+0100,3453.1800000000003,3449.5740000000005,0.02,0.02
08.04.2021 09:32:23.715 GMT+0100,3454.426,3448.451,0.02,0.02
08.04.2021 09:32:23.843 GMT+0100,3453.5490000000004,3449.656,0.0075,0.0075
08.04.2021 09:32:24.132 GMT+0100,3454.262,3449.697,0.02,0.02
08.04.2021 09:32:24.183 GMT+0100,3453,3449.533,0.02,0.02
08.04.2021 09:32:24.370 GMT+0100,3454.426,3449.82,0.02,0.02
08.04.2021 09:32:24.421 GMT+0100,3454,3448.533,0.02,0.02
08.04.2021 09:32:24.471 GMT+0100,3453.303,3448.5740000000005,0.02,0.02
08.04.2021 09:32:56.237 GMT+0100,3453.426,3449.656,0.02,0.02
08.04.2021 09:32:56.801 GMT+0100,3453.3440000000005,3448.697,0.02,0.02
08.04.2021 09:32:57.359 GMT+0100,3453.303,3449.5740000000005,0.02,0.02
08.04.2021 09:32:57.882 GMT+0100,3453,3448.738,0.02,0.02
08.04.2021 09:33:11.620 GMT+0100,3453.467,3449.6150000000002,0.02,0.0075
08.04.2021 09:33:12.136 GMT+0100,3453.262,3450.6150000000002,0.02,0.0075
08.04.2021 09:33:12.187 GMT+0100,3453.3440000000005,3449.5740000000005,0.02,0.02
08.04.2021 09:34:04.315 GMT+0100,3453.1800000000003,3452.451,0.0075,0.0075
08.04.2021 09:34:04.365 GMT+0100,3454.426,3449.656,0.02,0.02
08.04.2021 09:34:04.415 GMT+0100,3453.508,3449.492,0.02,0.02
08.04.2021 09:34:06.544 GMT+0100,3453.426,3448.492,0.02,0.02
08.04.2021 09:34:06.594 GMT+0100,3453.221,3449.451,0.02,0.02
08.04.2021 09:34:15.414 GMT+0100,3453.426,3450.5740000000005,0.0075,0.0075
08.04.2021 09:34:15.465 GMT+0100,3455.467,3450.451,0.02,0.02
08.04.2021 09:34:15.515 GMT+0100,3457.508,3452.656,0.02,0.02
08.04.2021 09:34:15.622 GMT+0100,3456.467,3451.6150000000002,0.02,0.02
08.04.2021 09:34:16.333 GMT+0100,3456.221,3452.738,0.02,0.0075
08.04.2021 09:34:17.030 GMT+0100,3457.508,3452.6150000000002,0.02,0.02
08.04.2021 09:34:19.165 GMT+0100,3457.3440000000005,3453.82,0.0075,0.0075
08.04.2021 09:34:19.215 GMT+0100,3458.221,3453.6150000000002,0.02,0.02
08.04.2021 09:34:21.198 GMT+0100,3457.221,3453.6150000000002,0.0075,0.0075
08.04.2021 09:34:21.248 GMT+0100,3457.221,3452.738,0.02,0.02
08.04.2021 09:34:30.980 GMT+0100,3457.221,3455,0.0075,0.0075
08.04.2021 09:34:31.030 GMT+0100,3460,3454.82,0.02,0.02
08.04.2021 09:34:31.969 GMT+0100,3460.221,3455.656,0.02,0.02
08.04.2021 09:34:34.779 GMT+0100,3459.221,3455.82,0.0075,0.02
08.04.2021 09:34:34.879 GMT+0100,3455.5490000000004,3452.492,0.02,0.02
08.04.2021 09:34:34.930 GMT+0100,3456.5490000000004,3452.5740000000005,0.02,0.02
08.04.2021 09:34:36.516 GMT+0100,3455.385,3452.7790000000005,0.0075,0.02
08.04.2021 09:34:36.811 GMT+0100,3456.426,3452.533,0.02,0.02
08.04.2021 09:34:39.092 GMT+0100,3455.5490000000004,3452.533,0.0075,0.02
08.04.2021 09:34:39.142 GMT+0100,3456.262,3452.5740000000005,0.02,0.02
08.04.2021 09:34:39.222 GMT+0100,3455.508,3452.82,0.0075,0.02
08.04.2021 09:34:39.272 GMT+0100,3456.467,3452.6150000000002,0.02,0.02
08.04.2021 09:34:55.329 GMT+0100,3455.467,3452.738,0.0075,0.02
08.04.2021 09:35:04.596 GMT+0100,3458.385,3452.738,0.02,0.02
08.04.2021 09:35:05.024 GMT+0100,3457.303,3452.6150000000002,0.0075,0.02
08.04.2021 09:35:09.221 GMT+0100,3458.426,3452.492,0.02,0.02
08.04.2021 09:35:09.588 GMT+0100,3458.5490000000004,3453.82,0.02,0.0075
08.04.2021 09:35:09.689 GMT+0100,3458.508,3452.451,0.02,0.02
08.04.2021 09:35:10.556 GMT+0100,3457.426,3452.5740000000005,0.0075,0.02
08.04.2021 09:35:28.603 GMT+0100,3456.221,3452.656,0.0075,0.02
08.04.2021 09:35:28.704 GMT+0100,3457.385,3452.7790000000005,0.02,0.02
08.04.2021 09:35:34.477 GMT+0100,3457.262,3453.656,0.02,0.02
08.04.2021 09:35:34.528 GMT+0100,3458.508,3452.82,0.02,0.02
08.04.2021 09:35:34.578 GMT+0100,3458.508,3453.533,0.02,0.02
08.04.2021 09:35:45.921 GMT+0100,3457.426,3453.492,0.0075,0.0075
08.04.2021 09:35:45.971 GMT+0100,3457.5490000000004,3452.738,0.02,0.02
08.04.2021 09:35:54.412 GMT+0100,3457.3440000000005,3454,0.02,0.0075
08.04.2021 09:35:54.462 GMT+0100,3457.303,3452.656,0.02,0.02
08.04.2021 09:35:54.562 GMT+0100,3458.5490000000004,3453.697,0.02,0.02
08.04.2021 09:35:56.585 GMT+0100,3458.3440000000005,3452.5740000000005,0.02,0.02
08.04.2021 09:36:02.415 GMT+0100,3457.3440000000005,3452.5740000000005,0.0075,0.02
08.04.2021 09:36:03.917 GMT+0100,3457.221,3453.7790000000005,0.0075,0.0075
08.04.2021 09:36:03.967 GMT+0100,3458.467,3453.6150000000002,0.02,0.02
08.04.2021 09:36:11.712 GMT+0100,3457,3453.697,0.0075,0.02
08.04.2021 09:36:28.668 GMT+0100,3458.5490000000004,3453.533,0.02,0.02
08.04.2021 09:36:38.644 GMT+0100,3457.467,3453.451,0.02,0.02
08.04.2021 09:36:38.710 GMT+0100,3458.3440000000005,3453.6150000000002,0.02,0.02
08.04.2021 09:36:43.599 GMT+0100,3457.1800000000003,3453.7790000000005,0.0075,0.02
08.04.2021 09:37:05.989 GMT+0100,3456.3440000000005,3453.82,0.0075,0.0075
08.04.2021 09:37:06.039 GMT+0100,3456.467,3452.492,0.02,0.02
08.04.2021 09:37:16.114 GMT+0100,3458.508,3453.492,0.02,0.02
08.04.2021 09:37:16.169 GMT+0100,3457,3453.697,0.0075,0.0075
08.04.2021 09:37:16.219 GMT+0100,3457.508,3452.6150000000002,0.02,0.02
08.04.2021 09:37:26.808 GMT+0100,3457.467,3453.5740000000005,0.0075,0.0075
08.04.2021 09:37:26.858 GMT+0100,3458.426,3452.451,0.02,0.02
08.04.2021 09:37:26.912 GMT+0100,3458.467,3453.738,0.02,0.0075
08.04.2021 09:37:29.158 GMT+0100,3458.221,3454.451,0.02,0.0075
08.04.2021 09:37:29.208 GMT+0100,3459.1800000000003,3454.5740000000005,0.02,0.02
08.04.2021 09:37:29.341 GMT+0100,3458.385,3454.492,0.0075,0.0075
08.04.2021 09:37:29.391 GMT+0100,3458.426,3453.6150000000002,0.02,0.02
08.04.2021 09:37:37.382 GMT+0100,3458.385,3452.6150000000002,0.02,0.02
08.04.2021 09:37:38.699 GMT+0100,3457.426,3452.533,0.0075,0.02
08.04.2021 09:37:42.566 GMT+0100,3458.508,3452.6150000000002,0.02,0.02
08.04.2021 09:37:45.916 GMT+0100,3458.508,3454.6150000000002,0.02,0.0075
08.04.2021 09:37:46.958 GMT+0100,3458.262,3453.656,0.02,0.02
08.04.2021 09:37:49.654 GMT+0100,3458.5490000000004,3455,0.0075,0.0075
08.04.2021 09:37:49.704 GMT+0100,3459.303,3454.492,0.02,0.02
08.04.2021 09:37:49.755 GMT+0100,3459.1800000000003,3453.451,0.02,0.02
08.04.2021 09:38:18.669 GMT+0100,3459.3440000000005,3454.738,0.02,0.0075
08.04.2021 09:38:33.381 GMT+0100,3458.5490000000004,3454.738,0.0075,0.0075
08.04.2021 09:38:33.431 GMT+0100,3460.508,3454.6150000000002,0.02,0.02
08.04.2021 09:38:34.841 GMT+0100,3460.262,3456.697,0.02,0.0075
08.04.2021 09:39:09.905 GMT+0100,3461.1800000000003,3457,0.02,0.02
08.04.2021 09:39:09.955 GMT+0100,3459,3456.5740000000005,0.02,0.02
08.04.2021 09:39:25.064 GMT+0100,3460.467,3456.533,0.02,0.02
08.04.2021 09:39:35.701 GMT+0100,3459.303,3456.492,0.0075,0.02
08.04.2021 09:40:06.003 GMT+0100,3461.1800000000003,3456.492,0.02,0.02
08.04.2021 09:40:13.361 GMT+0100,3460.5490000000004,3457,0.0075,0.02
08.04.2021 09:40:56.408 GMT+0100,3459.262,3456.738,0.0075,0.02
08.04.2021 09:40:58.430 GMT+0100,3458.303,3454.738,0.02,0.02
08.04.2021 09:40:58.531 GMT+0100,3458.426,3453.738,0.02,0.02
08.04.2021 09:40:59.666 GMT+0100,3457,3453.5740000000005,0.02,0.02
08.04.2021 09:41:00.687 GMT+0100,3457.303,3454.6150000000002,0.02,0.0075
08.04.2021 09:41:08.829 GMT+0100,3457.5490000000004,3455.6150000000002,0.0075,0.0075
08.04.2021 09:41:08.879 GMT+0100,3459.262,3455.7790000000005,0.02,0.02
08.04.2021 09:41:08.929 GMT+0100,3459.262,3456.656,0.02,0.02
08.04.2021 09:41:10.119 GMT+0100,3459.221,3455.7790000000005,0.02,0.02
08.04.2021 09:41:24.953 GMT+0100,3459.385,3457.451,0.0075,0.0075
08.04.2021 09:41:25.003 GMT+0100,3463.3440000000005,3458.697,0.02,0.02
08.04.2021 09:41:25.054 GMT+0100,3461.385,3457.533,0.02,0.02
08.04.2021 09:41:25.473 GMT+0100,3461.426,3458.492,0.02,0.0075
08.04.2021 09:41:25.573 GMT+0100,3461.426,3457.492,0.02,0.02
08.04.2021 09:41:26.432 GMT+0100,3461.303,3458.451,0.02,0.02
08.04.2021 09:41:26.722 GMT+0100,3461,3457.738,0.02,0.02
08.04.2021 09:41:27.653 GMT+0100,3461.385,3459.451,0.02,0.0075
08.04.2021 09:41:32.922 GMT+0100,3463.262,3459.451,0.02,0.02
08.04.2021 09:41:48.449 GMT+0100,3463.262,3461.5740000000005,0.02,0.02
08.04.2021 09:41:50.187 GMT+0100,3465.303,3461.533,0.02,0.02
08.04.2021 09:41:55.813 GMT+0100,3464.3440000000005,3459.492,0.02,0.02
08.04.2021 09:42:05.957 GMT+0100,3463.426,3459.451,0.0075,0.02
08.04.2021 09:42:07.227 GMT+0100,3461.303,3459.5740000000005,0.0075,0.02
08.04.2021 09:42:07.277 GMT+0100,3463.303,3459.656,0.02,0.02
08.04.2021 09:42:10.067 GMT+0100,3462.5490000000004,3459.738,0.0075,0.02
08.04.2021 09:42:19.775 GMT+0100,3463.5490000000004,3459.6150000000002,0.02,0.02
08.04.2021 09:42:31.176 GMT+0100,3462,3459.533,0.0075,0.02
08.04.2021 09:42:31.277 GMT+0100,3461.467,3457.738,0.02,0.02
08.04.2021 09:42:31.786 GMT+0100,3461.303,3456.697,0.02,0.02
08.04.2021 09:42:50.144 GMT+0100,3461.3440000000005,3457.492,0.02,0.0075
08.04.2021 09:42:50.194 GMT+0100,3462.508,3456.492,0.02,0.02
08.04.2021 09:42:50.868 GMT+0100,3462.303,3457.656,0.02,0.0075
08.04.2021 09:42:56.294 GMT+0100,3461.221,3457.451,0.0075,0.0075
08.04.2021 09:42:56.344 GMT+0100,3461.426,3456.738,0.02,0.02
08.04.2021 09:42:58.562 GMT+0100,3462,3456.697,0.02,0.02
08.04.2021 09:42:58.613 GMT+0100,3462.221,3457.82,0.02,0.02
08.04.2021 09:43:05.532 GMT+0100,3462.467,3458.697,0.0075,0.0075
08.04.2021 09:43:05.583 GMT+0100,3463.508,3457.697,0.02,0.02
08.04.2021 09:43:05.633 GMT+0100,3461.1800000000003,3456.492,0.02,0.02
08.04.2021 09:43:14.963 GMT+0100,3462.221,3457.697,0.02,0.02
08.04.2021 09:43:23.337 GMT+0100,3461.385,3457.7790000000005,0.0075,0.02
08.04.2021 09:44:04.958 GMT+0100,3461.303,3460,0.02,0.0075
08.04.2021 09:44:46.452 GMT+0100,3461.303,3458.6150000000002,0.02,0.02
08.04.2021 09:45:02.363 GMT+0100,3461.426,3459.492,0.0075,0.0075
08.04.2021 09:45:02.413 GMT+0100,3463.1800000000003,3459.6150000000002,0.02,0.02
08.04.2021 09:45:04.913 GMT+0100,3463.467,3460.738,0.02,0.0075
08.04.2021 09:45:05.013 GMT+0100,3463.508,3459.492,0.02,0.02
08.04.2021 09:45:16.986 GMT+0100,3465.467,3461.7790000000005,0.02,0.02
08.04.2021 09:45:21.698 GMT+0100,3466.303,3461.5740000000005,0.02,0.02
08.04.2021 09:45:55.292 GMT+0100,3465.508,3461.7790000000005,0.0075,0.02
08.04.2021 09:46:33.912 GMT+0100,3466,3461.656,0.02,0.02
08.04.2021 09:46:33.963 GMT+0100,3465.221,3461.656,0.02,0.02
08.04.2021 09:46:45.104 GMT+0100,3466.5490000000004,3461.5740000000005,0.02,0.02
08.04.2021 09:47:01.584 GMT+0100,3465.262,3461.697,0.0075,0.02
08.04.2021 09:47:03.686 GMT+0100,3466.303,3462,0.02,0.02
08.04.2021 09:47:04.325 GMT+0100,3465.508,3461.6150000000002,0.0075,0.02
08.04.2021 09:47:04.748 GMT+0100,3466.1800000000003,3461.6150000000002,0.02,0.02
08.04.2021 09:47:04.798 GMT+0100,3465.303,3461.5740000000005,0.02,0.02
08.04.2021 09:47:18.219 GMT+0100,3466.262,3461.533,0.02,0.02
08.04.2021 09:47:20.776 GMT+0100,3465.385,3461.697,0.0075,0.02
08.04.2021 09:47:41.536 GMT+0100,3466,3461.492,0.02,0.02
08.04.2021 09:47:41.643 GMT+0100,3465.3440000000005,3461.82,0.02,0.02
08.04.2021 09:48:07.979 GMT+0100,3467.3440000000005,3461.533,0.02,0.02
08.04.2021 09:48:08.030 GMT+0100,3467.508,3462.82,0.02,0.02
08.04.2021 09:48:08.982 GMT+0100,3466.508,3462.82,0.02,0.02
08.04.2021 09:48:09.033 GMT+0100,3466.467,3461.5740000000005,0.02,0.02
08.04.2021 09:48:09.162 GMT+0100,3467,3461.82,0.02,0.02
08.04.2021 09:48:09.213 GMT+0100,3467.385,3462.533,0.02,0.02
08.04.2021 09:48:09.557 GMT+0100,3467.426,3463.656,0.02,0.02
08.04.2021 09:48:25.198 GMT+0100,3467.3440000000005,3464.7790000000005,0.02,0.0075
08.04.2021 09:48:25.363 GMT+0100,3467,3464,0.02,0.02
08.04.2021 09:48:40.200 GMT+0100,3467.426,3464.533,0.02,0.02
08.04.2021 09:48:50.195 GMT+0100,3467.5490000000004,3463.5740000000005,0.02,0.02
08.04.2021 09:48:50.245 GMT+0100,3467.262,3464.656,0.02,0.02
08.04.2021 09:48:51.331 GMT+0100,3467.385,3465.7790000000005,0.02,0.0075
08.04.2021 09:48:57.842 GMT+0100,3469.221,3465.451,0.02,0.02
08.04.2021 09:49:10.207 GMT+0100,3469.303,3467.6150000000002,0.02,0.0075
08.04.2021 09:49:27.354 GMT+0100,3472,3467.492,0.02,0.02
08.04.2021 09:49:56.473 GMT+0100,3472.3440000000005,3470,0.02,0.02
08.04.2021 09:50:29.140 GMT+0100,3472.3440000000005,3471.738,0.0075,0.0075
08.04.2021 09:50:29.191 GMT+0100,3474.262,3471.656,0.02,0.02
08.04.2021 09:50:29.865 GMT+0100,3474.5490000000004,3470.533,0.02,0.02
08.04.2021 09:50:41.608 GMT+0100,3474.508,3471.656,0.02,0.02
08.04.2021 09:50:41.659 GMT+0100,3474,3470.451,0.02,0.02
08.04.2021 09:50:56.765 GMT+0100,3474.3440000000005,3471.6150000000002,0.02,0.0075
08.04.2021 09:51:34.171 GMT+0100,3473.262,3468.656,0.02,0.02
08.04.2021 09:51:34.750 GMT+0100,3473.1800000000003,3469.738,0.0075,0.0075
08.04.2021 09:51:34.801 GMT+0100,3474.262,3469.5740000000005,0.02,0.02
08.04.2021 09:51:39.560 GMT+0100,3474.303,3470.492,0.02,0.02
08.04.2021 09:51:47.314 GMT+0100,3473.385,3470.451,0.0075,0.0075
08.04.2021 09:51:47.364 GMT+0100,3473.508,3469.7790000000005,0.02,0.02
08.04.2021 09:51:47.415 GMT+0100,3474.385,3469.738,0.02,0.02
08.04.2021 09:51:51.917 GMT+0100,3474.303,3468.7790000000005,0.02,0.02
08.04.2021 09:51:51.977 GMT+0100,3474.221,3469.5740000000005,0.02,0.0075
08.04.2021 09:51:52.775 GMT+0100,3473.508,3468.451,0.02,0.02
08.04.2021 09:51:52.876 GMT+0100,3474.3440000000005,3469.697,0.02,0.02
08.04.2021 09:52:01.417 GMT+0100,3474.3440000000005,3470.5740000000005,0.02,0.02
08.04.2021 09:52:47.203 GMT+0100,3474.1800000000003,3469.656,0.02,0.02
08.04.2021 09:52:47.989 GMT+0100,3473.262,3469.5740000000005,0.0075,0.02
08.04.2021 09:52:50.468 GMT+0100,3473.385,3470.7790000000005,0.02,0.0075
08.04.2021 09:53:00.274 GMT+0100,3473.303,3469.6150000000002,0.02,0.02
08.04.2021 09:53:28.453 GMT+0100,3472.262,3469.451,0.02,0.02
08.04.2021 09:53:28.751 GMT+0100,3471.5490000000004,3469.7790000000005,0.02,0.02
08.04.2021 09:53:28.801 GMT+0100,3471.385,3468.5740000000005,0.02,0.02
08.04.2021 09:53:30.262 GMT+0100,3471.303,3467.697,0.02,0.02
08.04.2021 09:53:47.120 GMT+0100,3471.1800000000003,3469.6150000000002,0.0075,0.0075
08.04.2021 09:53:47.171 GMT+0100,3472.467,3469.533,0.02,0.02
08.04.2021 09:53:47.632 GMT+0100,3471.385,3467.656,0.02,0.02
08.04.2021 09:53:48.548 GMT+0100,3471.3440000000005,3469.533,0.02,0.0075
08.04.2021 09:54:17.660 GMT+0100,3473.426,3470,0.02,0.02
08.04.2021 09:54:22.686 GMT+0100,3472.467,3469.533,0.0075,0.02
08.04.2021 09:54:24.029 GMT+0100,3473.467,3469.697,0.02,0.02
08.04.2021 09:54:32.896 GMT+0100,3472.5490000000004,3469.5740000000005,0.0075,0.02
08.04.2021 09:54:48.415 GMT+0100,3472.426,3468,0.02,0.02
08.04.2021 09:54:48.465 GMT+0100,3471.303,3466.738,0.02,0.02
08.04.2021 09:54:48.699 GMT+0100,3470.3440000000005,3466.7790000000005,0.02,0.02
08.04.2021 09:54:48.750 GMT+0100,3470.467,3465.697,0.02,0.02
08.04.2021 09:54:48.800 GMT+0100,3470.303,3466.6150000000002,0.02,0.02
08.04.2021 09:55:32.022 GMT+0100,3469,3464.738,0.02,0.02
08.04.2021 09:55:36.011 GMT+0100,3468.303,3464.7790000000005,0.02,0.02
08.04.2021 09:55:46.626 GMT+0100,3468.426,3463.697,0.02,0.02
08.04.2021 09:55:50.477 GMT+0100,3468.385,3464.697,0.02,0.0075
08.04.2021 09:56:00.796 GMT+0100,3468.303,3463.82,0.02,0.02
08.04.2021 09:56:03.576 GMT+0100,3468.385,3464.5740000000005,0.02,0.0075
08.04.2021 09:56:14.220 GMT+0100,3468.303,3465.656,0.02,0.02
08.04.2021 09:56:14.271 GMT+0100,3468.5490000000004,3464.82,0.02,0.02
08.04.2021 09:57:10.920 GMT+0100,3468,3465.451,0.0075,0.0075
08.04.2021 09:57:10.970 GMT+0100,3472.3440000000005,3468.533,0.02,0.02
08.04.2021 09:57:11.294 GMT+0100,3472.508,3467.492,0.02,0.02
08.04.2021 09:57:11.516 GMT+0100,3472.467,3468.7790000000005,0.02,0.0075
08.04.2021 09:57:12.928 GMT+0100,3471.426,3468.656,0.0075,0.02
08.04.2021 09:57:12.978 GMT+0100,3473.467,3469.5740000000005,0.02,0.02
08.04.2021 09:57:13.229 GMT+0100,3473,3470.492,0.02,0.0075
08.04.2021 09:57:14.824 GMT+0100,3473.303,3469.82,0.02,0.02
08.04.2021 09:57:22.758 GMT+0100,3472.262,3468.697,0.02,0.02
08.04.2021 09:57:38.057 GMT+0100,3473,3468.7790000000005,0.02,0.02
08.04.2021 09:57:40.453 GMT+0100,3472.3440000000005,3468.697,0.0075,0.02
08.04.2021 09:57:40.554 GMT+0100,3473,3468.5740000000005,0.02,0.02
08.04.2021 09:57:42.240 GMT+0100,3472.303,3468.451,0.0075,0.02
08.04.2021 09:57:46.493 GMT+0100,3473.385,3468.6150000000002,0.02,0.02
08.04.2021 09:57:49.316 GMT+0100,3473.221,3469.492,0.02,0.0075
08.04.2021 09:57:51.227 GMT+0100,3473.1800000000003,3468.5740000000005,0.02,0.02
08.04.2021 09:57:51.524 GMT+0100,3472.221,3468.738,0.0075,0.02
08.04.2021 09:57:52.151 GMT+0100,3473.303,3468.492,0.02,0.02
08.04.2021 09:57:53.328 GMT+0100,3472.5490000000004,3468.5740000000005,0.0075,0.02
08.04.2021 09:58:16.160 GMT+0100,3473.3440000000005,3468.738,0.02,0.02
08.04.2021 09:58:16.210 GMT+0100,3472.1800000000003,3468.492,0.02,0.02
08.04.2021 09:59:03.856 GMT+0100,3471,3468.533,0.0075,0.0075
08.04.2021 09:59:03.906 GMT+0100,3470.385,3466.5740000000005,0.02,0.02
08.04.2021 09:59:04.005 GMT+0100,3469,3466.492,0.0075,0.0075
08.04.2021 09:59:04.055 GMT+0100,3469.508,3465.738,0.02,0.02
08.04.2021 09:59:04.156 GMT+0100,3469.262,3464.451,0.02,0.02
08.04.2021 09:59:05.867 GMT+0100,3468.385,3464.7790000000005,0.0075,0.02
08.04.2021 09:59:07.222 GMT+0100,3468.385,3465.7790000000005,0.02,0.0075
08.04.2021 09:59:17.824 GMT+0100,3468.508,3464.738,0.02,0.02
08.04.2021 10:00:01.119 GMT+0100,3466.262,3461.533,0.02,0.02
08.04.2021 10:00:06.482 GMT+0100,3465.508,3461.697,0.0075,0.02
08.04.2021 10:00:06.583 GMT+0100,3466.5490000000004,3461.451,0.02,0.02
08.04.2021 10:00:12.141 GMT+0100,3466.508,3462.6150000000002,0.02,0.02
08.04.2021 10:00:12.877 GMT+0100,3466.1800000000003,3463.492,0.02,0.0075
08.04.2021 10:00:38.514 GMT+0100,3466.262,3464.451,0.0075,0.0075
08.04.2021 10:00:38.565 GMT+0100,3468.385,3464.5740000000005,0.02,0.02
08.04.2021 10:00:42.294 GMT+0100,3467,3463.533,0.02,0.02
08.04.2021 10:00:42.422 GMT+0100,3468.508,3463.492,0.02,0.02
08.04.2021 10:00:46.051 GMT+0100,3467.1800000000003,3463.656,0.0075,0.02
08.04.2021 10:01:16.929 GMT+0100,3468.385,3464.82,0.02,0.02
08.04.2021 10:01:41.723 GMT+0100,3468.303,3463.738,0.02,0.02
08.04.2021 10:01:43.170 GMT+0100,3468.303,3465,0.02,0.02
08.04.2021 10:01:51.510 GMT+0100,3468,3465.6150000000002,0.02,0.0075
08.04.2021 10:01:51.610 GMT+0100,3468.508,3464.738,0.02,0.02
08.04.2021 10:02:34.175 GMT+0100,3468.3440000000005,3466.7790000000005,0.0075,0.0075
08.04.2021 10:02:34.226 GMT+0100,3470.262,3466.5740000000005,0.02,0.02
08.04.2021 10:02:34.328 GMT+0100,3470.426,3465.738,0.02,0.02
08.04.2021 10:02:35.812 GMT+0100,3470.303,3466.738,0.02,0.0075
08.04.2021 10:02:38.312 GMT+0100,3469.303,3466.5740000000005,0.0075,0.02
08.04.2021 10:04:09.183 GMT+0100,3470.303,3467,0.02,0.02
08.04.2021 10:04:09.234 GMT+0100,3471.3440000000005,3467.6150000000002,0.02,0.02
08.04.2021 10:04:09.382 GMT+0100,3470,3468,0.02,0.02
08.04.2021 10:04:09.433 GMT+0100,3471.1800000000003,3467.451,0.02,0.02
08.04.2021 10:04:09.534 GMT+0100,3470.467,3466.5740000000005,0.02,0.02
08.04.2021 10:04:09.678 GMT+0100,3471.467,3467.451,0.02,0.02
08.04.2021 10:04:09.794 GMT+0100,3470.508,3466.656,0.0075,0.02
08.04.2021 10:04:09.895 GMT+0100,3472.5490000000004,3467.5740000000005,0.02,0.02
08.04.2021 10:04:09.945 GMT+0100,3470.3440000000005,3466.697,0.02,0.02
08.04.2021 10:04:10.149 GMT+0100,3471.262,3467.82,0.02,0.02
08.04.2021 10:04:10.329 GMT+0100,3470.385,3467.6150000000002,0.0075,0.02
08.04.2021 10:04:10.379 GMT+0100,3471.385,3467.82,0.02,0.02
08.04.2021 10:04:10.479 GMT+0100,3472.262,3467.697,0.02,0.02
08.04.2021 10:04:10.530 GMT+0100,3470.467,3467.5740000000005,0.02,0.02
08.04.2021 10:04:10.644 GMT+0100,3471.385,3468,0.02,0.02
08.04.2021 10:04:10.744 GMT+0100,3470.508,3467.7790000000005,0.0075,0.02
08.04.2021 10:04:10.905 GMT+0100,3471.426,3468,0.02,0.02
08.04.2021 10:04:10.955 GMT+0100,3470,3467.492,0.02,0.02
08.04.2021 10:04:11.104 GMT+0100,3471,3467.656,0.02,0.02
08.04.2021 10:04:11.154 GMT+0100,3470.508,3467.451,0.02,0.02
08.04.2021 10:04:11.272 GMT+0100,3471.467,3468,0.02,0.02
08.04.2021 10:04:11.322 GMT+0100,3470.303,3467.533,0.02,0.02
08.04.2021 10:04:12.941 GMT+0100,3470.385,3468.492,0.02,0.0075
08.04.2021 10:04:28.280 GMT+0100,3470.467,3466.82,0.02,0.02
08.04.2021 10:05:50.746 GMT+0100,3469.262,3465.738,0.02,0.02
08.04.2021 10:05:50.797 GMT+0100,3469.303,3464.451,0.02,0.02
08.04.2021 10:05:50.847 GMT+0100,3470.3440000000005,3465.7790000000005,0.02,0.02
08.04.2021 10:05:51.023 GMT+0100,3469.221,3465.6150000000002,0.02,0.02
08.04.2021 10:06:05.986 GMT+0100,3469.221,3466.7790000000005,0.02,0.02
08.04.2021 10:06:06.036 GMT+0100,3469.3440000000005,3465.656,0.02,0.02
08.04.2021 10:06:06.140 GMT+0100,3470.303,3465.7790000000005,0.02,0.02
08.04.2021 10:06:06.190 GMT+0100,3469.303,3466.697,0.02,0.02
08.04.2021 10:06:06.241 GMT+0100,3470.467,3466.533,0.02,0.02
08.04.2021 10:06:06.348 GMT+0100,3469.1800000000003,3466.492,0.0075,0.0075
08.04.2021 10:06:06.399 GMT+0100,3470.262,3465.738,0.02,0.02
08.04.2021 10:06:06.449 GMT+0100,3470.3440000000005,3466.451,0.02,0.02
08.04.2021 10:06:06.566 GMT+0100,3469.508,3465.697,0.02,0.02
08.04.2021 10:06:09.592 GMT+0100,3469.385,3467,0.02,0.02
08.04.2021 10:06:22.608 GMT+0100,3468.303,3466.492,0.0075,0.0075
08.04.2021 10:06:22.658 GMT+0100,3468.508,3465,0.02,0.02
08.04.2021 10:06:22.709 GMT+0100,3467.385,3464.492,0.02,0.02
08.04.2021 10:06:22.759 GMT+0100,3467.221,3463.492,0.02,0.02
08.04.2021 10:06:27.191 GMT+0100,3467.3440000000005,3462.451,0.02,0.02
08.04.2021 10:06:28.963 GMT+0100,3466.221,3463,0.0075,0.0075
08.04.2021 10:06:29.067 GMT+0100,3465.426,3461.656,0.0075,0.02
08.04.2021 10:06:29.117 GMT+0100,3466.508,3461.451,0.02,0.02
08.04.2021 10:06:29.979 GMT+0100,3466,3463.7790000000005,0.0075,0.0075
08.04.2021 10:06:30.030 GMT+0100,3467,3463.738,0.02,0.02
08.04.2021 10:06:30.161 GMT+0100,3467.508,3464.82,0.02,0.0075
08.04.2021 10:06:35.567 GMT+0100,3469.467,3464.738,0.02,0.02
08.04.2021 10:06:35.815 GMT+0100,3469.221,3465.697,0.0075,0.0075
08.04.2021 10:06:35.865 GMT+0100,3470.262,3465.451,0.02,0.02
08.04.2021 10:06:36.234 GMT+0100,3469.5490000000004,3464.5740000000005,0.02,0.02
08.04.2021 10:06:40.328 GMT+0100,3468.262,3464.738,0.0075,0.02
08.04.2021 10:06:40.898 GMT+0100,3468.5490000000004,3463.738,0.02,0.02
08.04.2021 10:06:41.389 GMT+0100,3468.508,3464.697,0.0075,0.0075
08.04.2021 10:06:41.439 GMT+0100,3469.508,3464.738,0.02,0.02
08.04.2021 10:06:41.977 GMT+0100,3468.303,3463.492,0.02,0.02
08.04.2021 10:06:42.224 GMT+0100,3467.1800000000003,3463.6150000000002,0.02,0.02
08.04.2021 10:06:44.740 GMT+0100,3466.262,3463.656,0.0075,0.0075
08.04.2021 10:06:44.791 GMT+0100,3465.303,3461.7790000000005,0.02,0.02
08.04.2021 10:06:44.891 GMT+0100,3466.303,3462,0.02,0.02
08.04.2021 10:06:48.833 GMT+0100,3464.3440000000005,3461.5740000000005,0.0075,0.02
08.04.2021 10:06:48.884 GMT+0100,3464.221,3461,0.02,0.02
08.04.2021 10:06:53.356 GMT+0100,3464.508,3459.451,0.02,0.02
08.04.2021 10:06:53.406 GMT+0100,3464.262,3460.451,0.02,0.02
08.04.2021 10:07:04.184 GMT+0100,3464.426,3459.6150000000002,0.02,0.02
08.04.2021 10:07:06.112 GMT+0100,3462.262,3457.451,0.02,0.02
08.04.2021 10:07:06.213 GMT+0100,3463.467,3458.697,0.02,0.02
08.04.2021 10:07:07.150 GMT+0100,3463.5490000000004,3459.82,0.0075,0.0075
08.04.2021 10:07:07.201 GMT+0100,3464.5490000000004,3459.697,0.02,0.02
08.04.2021 10:07:07.312 GMT+0100,3464.426,3458.533,0.02,0.02
08.04.2021 10:07:07.599 GMT+0100,3464.5490000000004,3459.697,0.02,0.02
08.04.2021 10:07:10.116 GMT+0100,3463.303,3459.533,0.0075,0.02
08.04.2021 10:07:19.815 GMT+0100,3464.508,3460.82,0.02,0.02
08.04.2021 10:07:19.865 GMT+0100,3464.508,3459.5740000000005,0.02,0.02
08.04.2021 10:07:23.078 GMT+0100,3464.262,3460.451,0.02,0.02
08.04.2021 10:07:24.802 GMT+0100,3464.221,3462.7790000000005,0.02,0.02
08.04.2021 10:07:27.588 GMT+0100,3464,3459.492,0.02,0.02
08.04.2021 10:07:28.814 GMT+0100,3464.385,3460.533,0.02,0.02
08.04.2021 10:07:31.401 GMT+0100,3463.221,3460.492,0.0075,0.02
08.04.2021 10:07:35.512 GMT+0100,3462.467,3460.697,0.0075,0.0075
08.04.2021 10:07:35.563 GMT+0100,3462.221,3460,0.02,0.02
08.04.2021 10:07:37.156 GMT+0100,3462.385,3458.656,0.02,0.02
08.04.2021 10:07:37.257 GMT+0100,3463.221,3458.6150000000002,0.02,0.02
08.04.2021 10:07:39.312 GMT+0100,3462.262,3458.82,0.02,0.02
08.04.2021 10:07:39.447 GMT+0100,3463.5490000000004,3458.656,0.02,0.02
08.04.2021 10:07:41.743 GMT+0100,3461.303,3458.492,0.0075,0.02
08.04.2021 10:07:41.905 GMT+0100,3462.303,3458.656,0.02,0.02
08.04.2021 10:07:43.099 GMT+0100,3461.221,3458.492,0.0075,0.0075
08.04.2021 10:07:43.150 GMT+0100,3461.3440000000005,3457.5740000000005,0.02,0.02
08.04.2021 10:07:43.250 GMT+0100,3462.467,3457.7790000000005,0.02,0.02
08.04.2021 10:07:47.831 GMT+0100,3461.426,3457.82,0.02,0.02
08.04.2021 10:07:50.112 GMT+0100,3461.426,3458.492,0.02,0.0075
08.04.2021 10:07:54.584 GMT+0100,3461.5490000000004,3457.738,0.02,0.02
08.04.2021 10:07:55.982 GMT+0100,3461.303,3458.6150000000002,0.02,0.02
08.04.2021 10:07:56.032 GMT+0100,3463.262,3458.5740000000005,0.02,0.02
08.04.2021 10:07:57.007 GMT+0100,3462.303,3459,0.02,0.02
08.04.2021 10:07:59.215 GMT+0100,3460.385,3458.533,0.0075,0.0075
08.04.2021 10:07:59.265 GMT+0100,3460.5490000000004,3456.6150000000002,0.02,0.02
