Local time,Ask,Bid,AskVolume,BidVolume
14.04.2021 08:00:10.577 GMT+0100,3464.303,3442.492,0.02,0.02
14.04.2021 08:00:11.291 GMT+0100,3464.426,3448.82,0.02,0.02
14.04.2021 08:00:11.392 GMT+0100,3464.508,3452.7790000000005,0.02,0.02
14.04.2021 08:00:12.243 GMT+0100,3464.221,3456.697,0.02,0.02
14.04.2021 08:00:12.293 GMT+0100,3469.5490000000004,3456.6150000000002,0.02,0.02
14.04.2021 08:00:12.465 GMT+0100,3467.467,3454.451,0.02,0.02
14.04.2021 08:00:20.078 GMT+0100,3464.262,3454.7790000000005,0.0075,0.02
14.04.2021 08:00:22.938 GMT+0100,3467.385,3454.533,0.02,0.02
14.04.2021 08:00:32.083 GMT+0100,3465.3440000000005,3454.697,0.0075,0.0075
14.04.2021 08:00:32.133 GMT+0100,3465.262,3452.5740000000005,0.02,0.02
14.04.2021 08:00:32.184 GMT+0100,3463.3440000000005,3452.533,0.02,0.02
14.04.2021 08:00:32.919 GMT+0100,3465.426,3452.492,0.02,0.02
14.04.2021 08:00:35.252 GMT+0100,3463,3452.5740000000005,0.0075,0.02
14.04.2021 08:00:39.248 GMT+0100,3457.303,3452.5740000000005,0.0075,0.0075
14.04.2021 08:00:39.298 GMT+0100,3457.3440000000005,3444.533,0.02,0.02
14.04.2021 08:00:39.413 GMT+0100,3451.385,3444.656,0.0075,0.0075
14.04.2021 08:00:40.256 GMT+0100,3443.1800000000003,3430.656,0.02,0.02
14.04.2021 08:00:40.436 GMT+0100,3443.303,3432.533,0.0075,0.0075
14.04.2021 08:00:40.487 GMT+0100,3445,3432.533,0.02,0.02
14.04.2021 08:00:41.284 GMT+0100,3451.3440000000005,3430.82,0.02,0.02
14.04.2021 08:00:43.785 GMT+0100,3453.221,3430.697,0.02,0.02
14.04.2021 08:00:45.140 GMT+0100,3453.3440000000005,3428.451,0.02,0.02
14.04.2021 08:00:51.712 GMT+0100,3448.3440000000005,3428.7790000000005,0.0075,0.02
14.04.2021 08:00:54.557 GMT+0100,3448.5490000000004,3431.451,0.0075,0.0075
14.04.2021 08:00:54.608 GMT+0100,3455.385,3431.492,0.02,0.02
14.04.2021 08:01:20.041 GMT+0100,3454,3431.492,0.0075,0.02
14.04.2021 08:01:24.431 GMT+0100,3454,3432.656,0.02,0.0075
14.04.2021 08:01:41.853 GMT+0100,3454.3440000000005,3439.697,0.0075,0.0075
14.04.2021 08:01:41.903 GMT+0100,3458.5490000000004,3439.82,0.02,0.02
14.04.2021 08:01:41.953 GMT+0100,3452.5490000000004,3439.656,0.02,0.02
14.04.2021 08:01:42.004 GMT+0100,3458.5490000000004,3439.492,0.02,0.02
14.04.2021 08:01:42.060 GMT+0100,3453.508,3439.7790000000005,0.0075,0.02
14.04.2021 08:01:43.345 GMT+0100,3453,3440.6150000000002,0.0075,0.0075
14.04.2021 08:01:43.396 GMT+0100,3469.508,3446.5740000000005,0.02,0.02
14.04.2021 08:01:43.512 GMT+0100,3469.467,3447.7790000000005,0.02,0.0075
14.04.2021 08:01:43.745 GMT+0100,3469.262,3446.6150000000002,0.02,0.02
14.04.2021 08:01:45.209 GMT+0100,3469.3440000000005,3447.82,0.02,0.0075
14.04.2021 08:01:45.342 GMT+0100,3469.5490000000004,3448.656,0.02,0.0075
14.04.2021 08:01:46.955 GMT+0100,3469.303,3455.5740000000005,0.0075,0.0075
14.04.2021 08:01:47.005 GMT+0100,3471.262,3455.533,0.02,0.02
14.04.2021 08:01:55.210 GMT+0100,3462.5490000000004,3443.492,0.02,0.02
14.04.2021 08:01:55.292 GMT+0100,3462.262,3447.492,0.02,0.0075
14.04.2021 08:02:00.958 GMT+0100,3463.221,3447.533,0.02,0.02
14.04.2021 08:02:01.391 GMT+0100,3457.508,3447.738,0.02,0.02
14.04.2021 08:02:03.127 GMT+0100,3469.467,3447.533,0.02,0.02
14.04.2021 08:02:03.177 GMT+0100,3472.262,3454.82,0.02,0.02
14.04.2021 08:02:03.848 GMT+0100,3469.262,3454.697,0.0075,0.02
14.04.2021 08:02:04.162 GMT+0100,3472.426,3454.656,0.02,0.02
14.04.2021 08:02:04.272 GMT+0100,3471.385,3454.656,0.0075,0.02
14.04.2021 08:02:04.455 GMT+0100,3469,3454.82,0.02,0.02
14.04.2021 08:02:04.505 GMT+0100,3466.508,3445.738,0.02,0.02
14.04.2021 08:02:04.605 GMT+0100,3466.467,3443.7790000000005,0.02,0.02
14.04.2021 08:02:05.153 GMT+0100,3469.303,3454.492,0.02,0.02
14.04.2021 08:02:05.203 GMT+0100,3471,3454.492,0.02,0.02
14.04.2021 08:02:07.110 GMT+0100,3475,3455.697,0.02,0.02
14.04.2021 08:02:07.573 GMT+0100,3475.385,3454.451,0.02,0.02
14.04.2021 08:02:10.197 GMT+0100,3475.508,3457.533,0.02,0.02
14.04.2021 08:02:13.292 GMT+0100,3474,3457.82,0.0075,0.02
14.04.2021 08:02:13.342 GMT+0100,3477.508,3457.6150000000002,0.02,0.02
14.04.2021 08:02:14.640 GMT+0100,3478.426,3457.7790000000005,0.02,0.02
14.04.2021 08:02:14.844 GMT+0100,3475.508,3457.7790000000005,0.0075,0.02
14.04.2021 08:02:14.894 GMT+0100,3478.508,3458,0.02,0.02
14.04.2021 08:02:14.944 GMT+0100,3477.426,3457.7790000000005,0.02,0.02
14.04.2021 08:02:15.236 GMT+0100,3477.426,3453,0.02,0.02
14.04.2021 08:02:15.287 GMT+0100,3477.426,3460,0.02,0.02
14.04.2021 08:02:30.023 GMT+0100,3476.1800000000003,3459.697,0.0075,0.02
14.04.2021 08:02:31.156 GMT+0100,3472.467,3459.738,0.02,0.02
14.04.2021 08:02:31.764 GMT+0100,3473,3459.451,0.02,0.02
14.04.2021 08:02:33.636 GMT+0100,3472.3440000000005,3460,0.02,0.02
14.04.2021 08:02:58.882 GMT+0100,3472.262,3460.7790000000005,0.0075,0.0075
14.04.2021 08:02:58.932 GMT+0100,3475.467,3462.656,0.02,0.02
14.04.2021 08:03:03.464 GMT+0100,3474.1800000000003,3462.82,0.0075,0.02
14.04.2021 08:03:13.342 GMT+0100,3475.262,3462.7790000000005,0.02,0.02
14.04.2021 08:03:18.701 GMT+0100,3474.467,3462.656,0.0075,0.02
14.04.2021 08:03:20.779 GMT+0100,3475.5490000000004,3462.697,0.02,0.02
14.04.2021 08:03:31.173 GMT+0100,3474.3440000000005,3462.7790000000005,0.02,0.02
14.04.2021 08:03:50.344 GMT+0100,3475.5490000000004,3462.738,0.02,0.02
14.04.2021 08:03:58.358 GMT+0100,3475.221,3469.6150000000002,0.0075,0.0075
14.04.2021 08:03:58.408 GMT+0100,3485.5490000000004,3466.6150000000002,0.02,0.02
14.04.2021 08:03:58.459 GMT+0100,3484.508,3466.82,0.02,0.02
14.04.2021 08:03:59.268 GMT+0100,3482,3466.82,0.02,0.02
14.04.2021 08:04:00.178 GMT+0100,3482.1800000000003,3468,0.02,0.0075
14.04.2021 08:04:01.176 GMT+0100,3482.3440000000005,3468.533,0.0075,0.0075
14.04.2021 08:04:01.227 GMT+0100,3484.221,3468.492,0.02,0.02
14.04.2021 08:04:01.377 GMT+0100,3483.262,3468.6150000000002,0.02,0.02
14.04.2021 08:04:01.836 GMT+0100,3483.221,3471.7790000000005,0.02,0.0075
14.04.2021 08:04:01.936 GMT+0100,3484.1800000000003,3471.697,0.02,0.02
14.04.2021 08:04:02.222 GMT+0100,3483.3440000000005,3471.738,0.0075,0.02
14.04.2021 08:04:03.689 GMT+0100,3482.1800000000003,3471.451,0.02,0.02
14.04.2021 08:04:04.737 GMT+0100,3483.385,3471.697,0.02,0.02
14.04.2021 08:04:06.698 GMT+0100,3486,3472.451,0.02,0.02
14.04.2021 08:04:07.735 GMT+0100,3487.3440000000005,3472.7790000000005,0.02,0.02
14.04.2021 08:04:08.416 GMT+0100,3488.385,3476.738,0.02,0.0075
14.04.2021 08:04:08.517 GMT+0100,3489.508,3476.451,0.02,0.02
14.04.2021 08:04:08.754 GMT+0100,3492.508,3476.697,0.02,0.02
14.04.2021 08:04:08.913 GMT+0100,3491.3440000000005,3476.7790000000005,0.0075,0.02
14.04.2021 08:04:09.356 GMT+0100,3489.3440000000005,3476.697,0.0075,0.02
14.04.2021 08:04:09.457 GMT+0100,3488.5490000000004,3477,0.02,0.02
14.04.2021 08:04:09.732 GMT+0100,3487.1800000000003,3477,0.0075,0.02
14.04.2021 08:05:10.538 GMT+0100,3482.426,3470.697,0.02,0.02
14.04.2021 08:05:10.706 GMT+0100,3482.262,3468.7790000000005,0.02,0.02
14.04.2021 08:05:20.485 GMT+0100,3480.508,3468.5740000000005,0.02,0.02
14.04.2021 08:05:33.857 GMT+0100,3480.467,3478,0.0075,0.0075
14.04.2021 08:05:33.908 GMT+0100,3489.426,3477.533,0.02,0.02
14.04.2021 08:05:34.919 GMT+0100,3491.221,3477.6150000000002,0.02,0.02
14.04.2021 08:05:36.133 GMT+0100,3493.303,3477.492,0.02,0.02
14.04.2021 08:05:37.073 GMT+0100,3493.3440000000005,3480.82,0.02,0.0075
14.04.2021 08:05:37.124 GMT+0100,3495.1800000000003,3481.533,0.02,0.02
14.04.2021 08:05:38.090 GMT+0100,3497.467,3483.656,0.02,0.02
14.04.2021 08:05:39.167 GMT+0100,3496.262,3483.656,0.02,0.0075
14.04.2021 08:05:39.217 GMT+0100,3496.262,3481.82,0.02,0.02
14.04.2021 08:05:42.236 GMT+0100,3496.262,3485.451,0.02,0.0075
14.04.2021 08:05:58.168 GMT+0100,3492.385,3485.738,0.0075,0.02
14.04.2021 08:06:00.464 GMT+0100,3486.75,3485.533,0.0075,0.0075
14.04.2021 08:06:00.514 GMT+0100,3486.5490000000004,3482.492,0.02,0.02
14.04.2021 08:06:01.163 GMT+0100,3491.221,3482.5740000000005,0.02,0.02
14.04.2021 08:06:03.456 GMT+0100,3490.221,3483,0.0075,0.02
14.04.2021 08:06:05.743 GMT+0100,3489.1800000000003,3482.697,0.0075,0.0075
14.04.2021 08:06:05.793 GMT+0100,3489.426,3471.451,0.02,0.02
14.04.2021 08:06:06.848 GMT+0100,3484.303,3471.451,0.0075,0.0075
14.04.2021 08:06:06.898 GMT+0100,3484.385,3469.451,0.02,0.02
14.04.2021 08:06:07.895 GMT+0100,3483.221,3469.7790000000005,0.0075,0.02
14.04.2021 08:06:08.746 GMT+0100,3482.385,3470.7790000000005,0.02,0.02
14.04.2021 08:06:09.304 GMT+0100,3482.1800000000003,3474.6150000000002,0.02,0.0075
14.04.2021 08:06:12.077 GMT+0100,3486,3474.533,0.02,0.02
14.04.2021 08:06:13.521 GMT+0100,3488.508,3474.697,0.02,0.02
14.04.2021 08:06:14.346 GMT+0100,3488.3440000000005,3473.451,0.02,0.02
14.04.2021 08:06:19.212 GMT+0100,3488.303,3474.738,0.02,0.02
14.04.2021 08:06:19.417 GMT+0100,3488.426,3473.656,0.02,0.02
14.04.2021 08:06:31.040 GMT+0100,3486.221,3473.5740000000005,0.0075,0.02
14.04.2021 08:06:32.113 GMT+0100,3487.508,3473.6150000000002,0.02,0.02
14.04.2021 08:06:33.472 GMT+0100,3485,3473.6150000000002,0.02,0.02
14.04.2021 08:06:54.040 GMT+0100,3484.1800000000003,3473.738,0.0075,0.0075
14.04.2021 08:06:54.091 GMT+0100,3484.262,3470.533,0.02,0.02
14.04.2021 08:06:54.298 GMT+0100,3485.467,3470.82,0.02,0.02
14.04.2021 08:06:55.315 GMT+0100,3485.221,3475.6150000000002,0.02,0.0075
14.04.2021 08:07:03.474 GMT+0100,3484.221,3475.451,0.0075,0.02
14.04.2021 08:07:47.128 GMT+0100,3492.508,3482,0.02,0.02
14.04.2021 08:07:47.178 GMT+0100,3492.221,3482.5740000000005,0.02,0.02
14.04.2021 08:07:47.436 GMT+0100,3499.385,3486.697,0.02,0.02
14.04.2021 08:07:49.738 GMT+0100,3501.3440000000005,3486.738,0.02,0.02
14.04.2021 08:07:50.090 GMT+0100,3499.508,3486.7790000000005,0.0075,0.02
14.04.2021 08:07:52.188 GMT+0100,3499.385,3487.492,0.02,0.0075
14.04.2021 08:08:03.307 GMT+0100,3500.1800000000003,3487.656,0.02,0.02
14.04.2021 08:08:04.997 GMT+0100,3501.426,3488.451,0.02,0.02
14.04.2021 08:08:05.521 GMT+0100,3503.1800000000003,3490.738,0.02,0.02
14.04.2021 08:08:06.999 GMT+0100,3506.262,3492.533,0.02,0.02
14.04.2021 08:08:11.588 GMT+0100,3504.303,3490.451,0.02,0.02
14.04.2021 08:08:26.036 GMT+0100,3501.508,3490.7790000000005,0.0075,0.02
14.04.2021 08:08:43.364 GMT+0100,3501.3440000000005,3492.533,0.0075,0.0075
14.04.2021 08:08:43.468 GMT+0100,3503.5490000000004,3494.7790000000005,0.0075,0.02
14.04.2021 08:08:43.518 GMT+0100,3505.262,3494.738,0.02,0.02
14.04.2021 08:08:43.569 GMT+0100,3507.221,3494.656,0.02,0.02
14.04.2021 08:08:44.698 GMT+0100,3509.426,3494.7790000000005,0.02,0.02
14.04.2021 08:08:44.955 GMT+0100,3513.3440000000005,3500,0.02,0.02
14.04.2021 08:08:45.329 GMT+0100,3513.385,3500.6150000000002,0.02,0.02
14.04.2021 08:08:45.686 GMT+0100,3515.221,3503.697,0.02,0.02
14.04.2021 08:08:46.085 GMT+0100,3514.508,3503.738,0.0075,0.02
14.04.2021 08:08:46.186 GMT+0100,3509.5490000000004,3498.738,0.02,0.02
14.04.2021 08:08:46.290 GMT+0100,3511,3498.7790000000005,0.02,0.02
14.04.2021 08:08:46.364 GMT+0100,3510.5490000000004,3498.697,0.0075,0.0075
14.04.2021 08:08:46.414 GMT+0100,3510.262,3497.7790000000005,0.02,0.02
14.04.2021 08:08:47.350 GMT+0100,3511.508,3499.492,0.02,0.02
14.04.2021 08:08:47.401 GMT+0100,3511.221,3498.82,0.02,0.02
14.04.2021 08:08:48.661 GMT+0100,3511.221,3499.5740000000005,0.02,0.0075
14.04.2021 08:08:48.813 GMT+0100,3511.262,3498.492,0.02,0.02
14.04.2021 08:08:55.778 GMT+0100,3511.5490000000004,3499.738,0.02,0.02
14.04.2021 08:08:56.120 GMT+0100,3511.3440000000005,3498.656,0.02,0.02
14.04.2021 08:09:03.890 GMT+0100,3511.5490000000004,3502.5740000000005,0.0075,0.0075
14.04.2021 08:09:03.940 GMT+0100,3514.5490000000004,3503,0.02,0.02
14.04.2021 08:09:36.331 GMT+0100,3512.385,3502.533,0.0075,0.0075
14.04.2021 08:09:36.381 GMT+0100,3512.303,3500.5740000000005,0.02,0.02
14.04.2021 08:09:36.673 GMT+0100,3513.262,3500.533,0.02,0.02
14.04.2021 08:10:12.509 GMT+0100,3513,3501.738,0.02,0.0075
14.04.2021 08:10:12.695 GMT+0100,3513.385,3502.6150000000002,0.02,0.02
14.04.2021 08:10:17.660 GMT+0100,3512.303,3502.5740000000005,0.0075,0.02
14.04.2021 08:10:35.528 GMT+0100,3511.303,3502.7790000000005,0.0075,0.02
14.04.2021 08:10:35.745 GMT+0100,3510,3502.6150000000002,0.02,0.0075
14.04.2021 08:10:36.348 GMT+0100,3511.221,3502.697,0.02,0.02
14.04.2021 08:10:37.700 GMT+0100,3511,3503.5740000000005,0.02,0.0075
14.04.2021 08:10:37.750 GMT+0100,3513.3440000000005,3504.82,0.02,0.02
14.04.2021 08:10:37.801 GMT+0100,3515.467,3505,0.02,0.02
14.04.2021 08:10:52.836 GMT+0100,3514.303,3504.7790000000005,0.0075,0.0075
14.04.2021 08:10:52.886 GMT+0100,3514.262,3504,0.02,0.02
14.04.2021 08:11:06.454 GMT+0100,3513.3440000000005,3504,0.0075,0.02
14.04.2021 08:11:06.555 GMT+0100,3513.5490000000004,3503,0.02,0.02
14.04.2021 08:11:07.552 GMT+0100,3514.262,3502.738,0.02,0.02
14.04.2021 08:11:15.142 GMT+0100,3514.3440000000005,3504.451,0.02,0.0075
14.04.2021 08:11:24.198 GMT+0100,3514,3503.7790000000005,0.02,0.02
14.04.2021 08:11:47.755 GMT+0100,3514.426,3506.451,0.0075,0.0075
14.04.2021 08:11:47.806 GMT+0100,3517.385,3506.6150000000002,0.02,0.02
14.04.2021 08:11:54.833 GMT+0100,3517.426,3510.451,0.0075,0.0075
14.04.2021 08:11:54.884 GMT+0100,3523.385,3510.738,0.02,0.02
14.04.2021 08:12:02.441 GMT+0100,3523.426,3509.6150000000002,0.02,0.02
14.04.2021 08:12:05.113 GMT+0100,3523.385,3510.5740000000005,0.02,0.02
14.04.2021 08:12:05.912 GMT+0100,3525.426,3510.6150000000002,0.02,0.02
14.04.2021 08:12:10.864 GMT+0100,3525.1800000000003,3513.533,0.02,0.0075
14.04.2021 08:12:10.915 GMT+0100,3527,3514.656,0.02,0.02
14.04.2021 08:12:21.440 GMT+0100,3526.5490000000004,3514.738,0.0075,0.02
14.04.2021 08:12:27.893 GMT+0100,3526.426,3513.697,0.02,0.02
14.04.2021 08:12:33.804 GMT+0100,3523.467,3513.697,0.0075,0.0075
14.04.2021 08:12:33.854 GMT+0100,3523.1800000000003,3512,0.02,0.02
14.04.2021 08:12:37.933 GMT+0100,3523.262,3509.656,0.02,0.02
14.04.2021 08:12:38.533 GMT+0100,3520.221,3509.697,0.02,0.02
14.04.2021 08:12:40.846 GMT+0100,3518.426,3509.738,0.0075,0.02
14.04.2021 08:12:44.536 GMT+0100,3518.508,3508.738,0.02,0.02
14.04.2021 08:12:50.249 GMT+0100,3520,3508.656,0.02,0.02
14.04.2021 08:12:50.301 GMT+0100,3518.508,3507.533,0.02,0.02
14.04.2021 08:12:51.296 GMT+0100,3514.385,3505.7790000000005,0.02,0.02
14.04.2021 08:12:51.347 GMT+0100,3514.3440000000005,3504.738,0.02,0.02
14.04.2021 08:12:51.498 GMT+0100,3515.1800000000003,3503.5740000000005,0.02,0.02
14.04.2021 08:12:51.952 GMT+0100,3516.303,3503.6150000000002,0.02,0.02
14.04.2021 08:12:54.297 GMT+0100,3516.508,3504.451,0.02,0.0075
14.04.2021 08:13:16.652 GMT+0100,3518.303,3507.738,0.02,0.02
14.04.2021 08:13:20.369 GMT+0100,3518.426,3506.738,0.02,0.02
14.04.2021 08:13:54.113 GMT+0100,3515.221,3506.533,0.0075,0.02
14.04.2021 08:14:02.477 GMT+0100,3515.221,3504.82,0.02,0.02
14.04.2021 08:14:05.451 GMT+0100,3515.221,3505.451,0.02,0.0075
14.04.2021 08:14:24.175 GMT+0100,3513.5490000000004,3505.5740000000005,0.02,0.02
14.04.2021 08:14:24.276 GMT+0100,3513.3440000000005,3507.492,0.02,0.02
14.04.2021 08:15:03.080 GMT+0100,3513.262,3506,0.02,0.02
14.04.2021 08:15:10.627 GMT+0100,3513.5490000000004,3509.697,0.02,0.0075
14.04.2021 08:15:10.678 GMT+0100,3518.221,3509.697,0.02,0.02
14.04.2021 08:15:10.787 GMT+0100,3518,3508.533,0.02,0.02
14.04.2021 08:15:11.528 GMT+0100,3517.508,3509,0.0075,0.0075
14.04.2021 08:15:11.578 GMT+0100,3517,3507.82,0.02,0.02
14.04.2021 08:15:13.069 GMT+0100,3517.1800000000003,3506.6150000000002,0.02,0.02
14.04.2021 08:15:13.640 GMT+0100,3515.385,3506.656,0.0075,0.0075
14.04.2021 08:15:13.690 GMT+0100,3515.303,3506,0.02,0.02
14.04.2021 08:15:16.447 GMT+0100,3515.3440000000005,3504.5740000000005,0.02,0.02
14.04.2021 08:15:38.011 GMT+0100,3515.3440000000005,3505.656,0.02,0.0075
14.04.2021 08:15:38.624 GMT+0100,3515.221,3504.738,0.02,0.02
14.04.2021 08:15:40.946 GMT+0100,3515.221,3505.451,0.02,0.02
14.04.2021 08:15:57.283 GMT+0100,3515.1800000000003,3504.7790000000005,0.02,0.02
14.04.2021 08:16:16.908 GMT+0100,3515.508,3505.492,0.02,0.02
14.04.2021 08:16:17.594 GMT+0100,3515.5490000000004,3507.7790000000005,0.02,0.02
14.04.2021 08:16:17.702 GMT+0100,3516.5490000000004,3508.656,0.02,0.02
14.04.2021 08:16:17.898 GMT+0100,3516.426,3508,0.02,0.02
14.04.2021 08:16:38.821 GMT+0100,3515.426,3507.697,0.0075,0.02
14.04.2021 08:16:59.346 GMT+0100,3513.5490000000004,3507.5740000000005,0.0075,0.02
14.04.2021 08:16:59.396 GMT+0100,3511.426,3502.6150000000002,0.02,0.02
14.04.2021 08:16:59.573 GMT+0100,3509.426,3502.492,0.02,0.02
14.04.2021 08:17:00.068 GMT+0100,3509.303,3507.25,0.02,0.0075
14.04.2021 08:17:00.119 GMT+0100,3509.385,3502.656,0.02,0.02
14.04.2021 08:17:02.640 GMT+0100,3509,3504.492,0.02,0.02
14.04.2021 08:17:04.298 GMT+0100,3509.426,3502.697,0.02,0.02
14.04.2021 08:17:12.471 GMT+0100,3509.1800000000003,3503.697,0.02,0.0075
14.04.2021 08:17:30.188 GMT+0100,3514.221,3505.451,0.02,0.02
14.04.2021 08:17:30.412 GMT+0100,3514.467,3507,0.02,0.0075
14.04.2021 08:17:31.126 GMT+0100,3514.426,3506,0.02,0.02
14.04.2021 08:17:34.671 GMT+0100,3514.3440000000005,3506.656,0.02,0.02
14.04.2021 08:17:34.878 GMT+0100,3515.303,3506.697,0.02,0.02
14.04.2021 08:17:37.403 GMT+0100,3514.385,3506.82,0.0075,0.02
14.04.2021 08:17:40.221 GMT+0100,3514.426,3505.82,0.02,0.02
14.04.2021 08:17:49.395 GMT+0100,3514.508,3506.6150000000002,0.02,0.0075
14.04.2021 08:18:01.729 GMT+0100,3514.1800000000003,3505.5740000000005,0.02,0.02
14.04.2021 08:18:03.397 GMT+0100,3514.221,3507.82,0.0075,0.0075
14.04.2021 08:18:03.447 GMT+0100,3516.262,3508,0.02,0.02
14.04.2021 08:18:03.657 GMT+0100,3514.385,3506.533,0.02,0.02
14.04.2021 08:18:04.668 GMT+0100,3514.303,3505.656,0.02,0.02
14.04.2021 08:18:05.423 GMT+0100,3514.221,3506.7790000000005,0.02,0.0075
14.04.2021 08:18:05.524 GMT+0100,3516.221,3507.451,0.02,0.02
14.04.2021 08:18:22.199 GMT+0100,3516.467,3506.5740000000005,0.02,0.02
14.04.2021 08:18:33.727 GMT+0100,3516.467,3509,0.02,0.02
14.04.2021 08:18:34.938 GMT+0100,3516.508,3507.533,0.02,0.02
14.04.2021 08:18:41.340 GMT+0100,3516.426,3509.697,0.0075,0.0075
14.04.2021 08:18:41.390 GMT+0100,3517.221,3509.656,0.02,0.02
14.04.2021 08:18:54.472 GMT+0100,3516.426,3509.738,0.0075,0.02
14.04.2021 08:18:54.573 GMT+0100,3516.221,3510.492,0.02,0.02
14.04.2021 08:18:55.223 GMT+0100,3518.221,3510.7790000000005,0.02,0.02
14.04.2021 08:18:59.595 GMT+0100,3518.221,3512.451,0.02,0.02
14.04.2021 08:18:59.766 GMT+0100,3520.1800000000003,3512.6150000000002,0.02,0.02
14.04.2021 08:19:46.178 GMT+0100,3520.385,3510.82,0.02,0.02
14.04.2021 08:19:46.240 GMT+0100,3520.5490000000004,3514,0.02,0.0075
14.04.2021 08:20:01.609 GMT+0100,3521,3513.533,0.02,0.02
14.04.2021 08:20:01.698 GMT+0100,3520.1800000000003,3513.738,0.02,0.02
14.04.2021 08:20:03.048 GMT+0100,3520.262,3512.6150000000002,0.02,0.02
14.04.2021 08:20:18.723 GMT+0100,3518.1800000000003,3512.492,0.0075,0.0075
14.04.2021 08:20:18.773 GMT+0100,3518.426,3509.5740000000005,0.02,0.02
14.04.2021 08:20:25.048 GMT+0100,3518.303,3510.738,0.02,0.02
14.04.2021 08:20:36.067 GMT+0100,3519.426,3510.82,0.02,0.02
14.04.2021 08:20:40.022 GMT+0100,3519.1800000000003,3512.5740000000005,0.02,0.0075
14.04.2021 08:20:41.458 GMT+0100,3519.262,3510.492,0.02,0.02
14.04.2021 08:20:41.509 GMT+0100,3517.5490000000004,3509.7790000000005,0.02,0.02
14.04.2021 08:20:43.524 GMT+0100,3517.3440000000005,3510.82,0.02,0.0075
14.04.2021 08:20:44.362 GMT+0100,3518.303,3510.451,0.02,0.02
14.04.2021 08:21:05.030 GMT+0100,3515.3440000000005,3510.5740000000005,0.0075,0.0075
14.04.2021 08:21:05.081 GMT+0100,3515,3507,0.02,0.02
14.04.2021 08:21:14.264 GMT+0100,3511.3440000000005,3506.697,0.0075,0.0075
14.04.2021 08:21:14.314 GMT+0100,3511.385,3503.5740000000005,0.02,0.02
14.04.2021 08:21:29.175 GMT+0100,3512.5490000000004,3503.82,0.02,0.02
14.04.2021 08:21:38.653 GMT+0100,3510.262,3503.492,0.0075,0.02
14.04.2021 08:21:39.218 GMT+0100,3510.262,3501.533,0.02,0.02
14.04.2021 08:21:41.176 GMT+0100,3508,3501.6150000000002,0.0075,0.02
14.04.2021 08:21:41.894 GMT+0100,3509.467,3502,0.02,0.02
14.04.2021 08:21:49.640 GMT+0100,3508.303,3501.738,0.02,0.02
14.04.2021 08:21:51.203 GMT+0100,3508.303,3500.82,0.02,0.02
14.04.2021 08:21:51.253 GMT+0100,3506.3440000000005,3500.7790000000005,0.02,0.02
14.04.2021 08:21:51.338 GMT+0100,3508.303,3500.533,0.02,0.02
14.04.2021 08:22:05.554 GMT+0100,3507.467,3500.6150000000002,0.0075,0.0075
14.04.2021 08:22:05.604 GMT+0100,3507.508,3499.451,0.02,0.02
14.04.2021 08:22:06.342 GMT+0100,3503.467,3499.533,0.0075,0.0075
14.04.2021 08:22:06.392 GMT+0100,3503.262,3497,0.02,0.02
14.04.2021 08:22:08.710 GMT+0100,3502.262,3496.6150000000002,0.02,0.02
14.04.2021 08:22:22.601 GMT+0100,3502.426,3492.492,0.02,0.02
14.04.2021 08:22:24.836 GMT+0100,3499.5490000000004,3492.738,0.0075,0.02
14.04.2021 08:22:37.737 GMT+0100,3498.1800000000003,3492.5740000000005,0.0075,0.02
14.04.2021 08:22:53.599 GMT+0100,3498.508,3495.82,0.0075,0.0075
14.04.2021 08:22:53.650 GMT+0100,3501.467,3494.533,0.02,0.02
14.04.2021 08:22:53.926 GMT+0100,3501.508,3493.738,0.02,0.02
14.04.2021 08:22:55.064 GMT+0100,3501.385,3492.451,0.02,0.02
14.04.2021 08:22:55.114 GMT+0100,3499.426,3491.492,0.02,0.02
14.04.2021 08:23:08.786 GMT+0100,3497.426,3492,0.0075,0.02
14.04.2021 08:23:23.122 GMT+0100,3497.1800000000003,3490.533,0.02,0.02
14.04.2021 08:23:29.124 GMT+0100,3497.5490000000004,3491.697,0.02,0.0075
14.04.2021 08:23:48.426 GMT+0100,3497.1800000000003,3490.5740000000005,0.02,0.02
14.04.2021 08:23:55.511 GMT+0100,3497.303,3491.492,0.02,0.0075
14.04.2021 08:24:23.009 GMT+0100,3498.508,3492,0.02,0.02
14.04.2021 08:24:23.068 GMT+0100,3498.262,3494.7790000000005,0.0075,0.0075
14.04.2021 08:24:23.118 GMT+0100,3499.3440000000005,3494.7790000000005,0.02,0.02
14.04.2021 08:24:23.172 GMT+0100,3499.3440000000005,3493.492,0.02,0.02
14.04.2021 08:24:31.620 GMT+0100,3499.3440000000005,3491.7790000000005,0.02,0.02
14.04.2021 08:24:54.548 GMT+0100,3499,3492.5740000000005,0.02,0.02
14.04.2021 08:25:00.970 GMT+0100,3499.426,3491.6150000000002,0.02,0.02
14.04.2021 08:25:05.127 GMT+0100,3499.508,3492.6150000000002,0.02,0.0075
14.04.2021 08:25:23.086 GMT+0100,3499,3491.533,0.02,0.02
14.04.2021 08:25:24.792 GMT+0100,3499.262,3492.533,0.02,0.0075
14.04.2021 08:25:25.627 GMT+0100,3499.221,3491.7790000000005,0.02,0.02
14.04.2021 08:25:31.120 GMT+0100,3499.508,3492.5740000000005,0.02,0.0075
14.04.2021 08:25:38.938 GMT+0100,3499.221,3491.7790000000005,0.02,0.02
14.04.2021 08:25:43.180 GMT+0100,3499.5490000000004,3493,0.02,0.0075
14.04.2021 08:25:43.280 GMT+0100,3499.508,3492,0.02,0.02
14.04.2021 08:25:50.194 GMT+0100,3499.221,3493,0.02,0.02
14.04.2021 08:25:53.777 GMT+0100,3499.1800000000003,3491.82,0.02,0.02
14.04.2021 08:25:55.083 GMT+0100,3499.221,3490.533,0.02,0.02
14.04.2021 08:25:55.360 GMT+0100,3499.262,3489.697,0.02,0.02
14.04.2021 08:25:55.411 GMT+0100,3499.385,3490.492,0.02,0.02
14.04.2021 08:26:00.128 GMT+0100,3499.426,3492.7790000000005,0.02,0.0075
14.04.2021 08:26:01.138 GMT+0100,3499.221,3491.7790000000005,0.02,0.02
14.04.2021 08:26:04.651 GMT+0100,3499.426,3490.697,0.02,0.02
14.04.2021 08:26:09.724 GMT+0100,3499.3440000000005,3491.656,0.02,0.0075
14.04.2021 08:26:17.061 GMT+0100,3499.508,3492.656,0.02,0.0075
14.04.2021 08:26:38.854 GMT+0100,3498.262,3492.82,0.02,0.02
14.04.2021 08:26:46.937 GMT+0100,3499.1800000000003,3493,0.02,0.02
14.04.2021 08:26:52.276 GMT+0100,3498.385,3493,0.0075,0.02
14.04.2021 08:26:56.740 GMT+0100,3499.426,3492.738,0.02,0.02
14.04.2021 08:27:38.868 GMT+0100,3498.385,3493,0.02,0.02
14.04.2021 08:28:10.048 GMT+0100,3496.262,3492.6150000000002,0.0075,0.02
14.04.2021 08:28:28.215 GMT+0100,3495,3488.451,0.02,0.02
14.04.2021 08:28:50.363 GMT+0100,3495.467,3487.7790000000005,0.02,0.02
14.04.2021 08:28:50.891 GMT+0100,3493.467,3488,0.0075,0.0075
14.04.2021 08:28:50.941 GMT+0100,3493.221,3486.738,0.02,0.02
14.04.2021 08:28:53.170 GMT+0100,3494.1800000000003,3486.492,0.02,0.02
14.04.2021 08:29:08.222 GMT+0100,3492.508,3486.738,0.0075,0.02
14.04.2021 08:29:18.622 GMT+0100,3492.467,3485.533,0.02,0.02
14.04.2021 08:29:38.268 GMT+0100,3490.467,3485.533,0.02,0.02
14.04.2021 08:29:39.383 GMT+0100,3489.3440000000005,3485.6150000000002,0.0075,0.02
14.04.2021 08:29:39.484 GMT+0100,3489,3483.738,0.02,0.02
14.04.2021 08:29:39.534 GMT+0100,3489.467,3484.6150000000002,0.02,0.02
14.04.2021 08:29:40.525 GMT+0100,3490.385,3484.5740000000005,0.02,0.02
14.04.2021 08:29:51.470 GMT+0100,3490,3485.451,0.0075,0.0075
14.04.2021 08:29:51.521 GMT+0100,3493.3440000000005,3487.6150000000002,0.02,0.02
14.04.2021 08:29:58.332 GMT+0100,3493.221,3486.5740000000005,0.02,0.02
14.04.2021 08:29:59.589 GMT+0100,3492.221,3486,0.02,0.02
14.04.2021 08:30:00.915 GMT+0100,3492.303,3484.492,0.02,0.02
14.04.2021 08:30:01.862 GMT+0100,3492,3485.533,0.02,0.02
14.04.2021 08:30:11.309 GMT+0100,3491,3484.82,0.02,0.02
14.04.2021 08:30:16.898 GMT+0100,3491.1800000000003,3483.533,0.02,0.02
14.04.2021 08:30:31.392 GMT+0100,3491.1800000000003,3484.5740000000005,0.02,0.0075
14.04.2021 08:30:56.826 GMT+0100,3491.508,3485.451,0.02,0.0075
14.04.2021 08:30:57.255 GMT+0100,3491.3440000000005,3486.492,0.02,0.0075
14.04.2021 08:31:03.898 GMT+0100,3491.426,3484.697,0.02,0.02
14.04.2021 08:31:23.927 GMT+0100,3491.262,3484,0.02,0.02
14.04.2021 08:31:25.567 GMT+0100,3491,3484.738,0.02,0.0075
14.04.2021 08:31:26.761 GMT+0100,3491.385,3484,0.02,0.02
14.04.2021 08:31:33.502 GMT+0100,3491.5490000000004,3484.82,0.02,0.0075
14.04.2021 08:31:42.783 GMT+0100,3491.221,3483.451,0.02,0.02
14.04.2021 08:31:50.526 GMT+0100,3491.221,3484.533,0.02,0.0075
14.04.2021 08:32:00.832 GMT+0100,3491.3440000000005,3485.82,0.02,0.0075
14.04.2021 08:32:00.933 GMT+0100,3491.508,3486.492,0.02,0.02
14.04.2021 08:32:01.532 GMT+0100,3492.467,3486.492,0.02,0.02
14.04.2021 08:32:01.818 GMT+0100,3493.303,3486.451,0.02,0.02
14.04.2021 08:32:03.308 GMT+0100,3493.5490000000004,3487.533,0.02,0.0075
14.04.2021 08:32:03.522 GMT+0100,3493.5490000000004,3488.82,0.02,0.0075
14.04.2021 08:32:03.572 GMT+0100,3493.1800000000003,3487.656,0.02,0.02
14.04.2021 08:32:14.848 GMT+0100,3493,3488.451,0.02,0.02
14.04.2021 08:32:17.086 GMT+0100,3492.1800000000003,3488.82,0.0075,0.02
14.04.2021 08:32:17.187 GMT+0100,3492.262,3485.6150000000002,0.02,0.02
14.04.2021 08:32:17.317 GMT+0100,3491.426,3485.6150000000002,0.0075,0.0075
14.04.2021 08:32:17.368 GMT+0100,3492.426,3484.492,0.02,0.02
14.04.2021 08:32:20.965 GMT+0100,3492.426,3486.656,0.02,0.02
14.04.2021 08:32:21.015 GMT+0100,3493.426,3486.492,0.02,0.02
14.04.2021 08:32:21.318 GMT+0100,3493.508,3485.492,0.02,0.02
14.04.2021 08:32:26.576 GMT+0100,3492.5490000000004,3485.738,0.0075,0.02
14.04.2021 08:32:29.040 GMT+0100,3493.303,3486,0.02,0.02
14.04.2021 08:32:47.470 GMT+0100,3492.303,3485.6150000000002,0.0075,0.02
14.04.2021 08:32:47.521 GMT+0100,3492.385,3484.7790000000005,0.02,0.02
14.04.2021 08:32:47.571 GMT+0100,3490.508,3484.656,0.02,0.02
14.04.2021 08:33:38.034 GMT+0100,3490.221,3483.697,0.02,0.02
14.04.2021 08:33:42.853 GMT+0100,3490.1800000000003,3484.533,0.02,0.0075
14.04.2021 08:33:46.373 GMT+0100,3489.426,3484.5740000000005,0.02,0.0075
14.04.2021 08:33:46.423 GMT+0100,3489.426,3483.656,0.02,0.02
14.04.2021 08:33:50.128 GMT+0100,3488.508,3483.656,0.0075,0.0075
14.04.2021 08:33:50.229 GMT+0100,3484.426,3480.656,0.02,0.02
14.04.2021 08:33:50.498 GMT+0100,3485.385,3480.7790000000005,0.02,0.02
14.04.2021 08:34:05.179 GMT+0100,3485.508,3479.451,0.02,0.02
14.04.2021 08:34:24.892 GMT+0100,3485.508,3481,0.02,0.0075
14.04.2021 08:34:38.976 GMT+0100,3485.3440000000005,3482.656,0.0075,0.0075
14.04.2021 08:34:39.026 GMT+0100,3487.303,3482.6150000000002,0.02,0.02
14.04.2021 08:34:39.287 GMT+0100,3488.262,3482.492,0.02,0.02
14.04.2021 08:34:59.486 GMT+0100,3488.426,3483.533,0.02,0.0075
14.04.2021 08:35:06.688 GMT+0100,3488,3484.492,0.02,0.02
14.04.2021 08:35:06.904 GMT+0100,3488.1800000000003,3483.5740000000005,0.02,0.02
14.04.2021 08:35:08.714 GMT+0100,3488.262,3482.451,0.02,0.02
14.04.2021 08:35:15.905 GMT+0100,3488.426,3483.492,0.02,0.02
14.04.2021 08:35:20.364 GMT+0100,3488.5490000000004,3484.738,0.02,0.0075
14.04.2021 08:35:20.414 GMT+0100,3488.221,3483.6150000000002,0.02,0.02
14.04.2021 08:35:35.891 GMT+0100,3488.467,3485,0.02,0.0075
14.04.2021 08:35:36.094 GMT+0100,3488.5490000000004,3483.7790000000005,0.02,0.02
14.04.2021 08:35:36.602 GMT+0100,3488.5490000000004,3484.697,0.02,0.02
14.04.2021 08:35:36.923 GMT+0100,3488.262,3483.656,0.02,0.02
14.04.2021 08:35:39.018 GMT+0100,3488.221,3482.6150000000002,0.02,0.02
14.04.2021 08:36:02.796 GMT+0100,3488.467,3483.82,0.02,0.0075
14.04.2021 08:36:03.031 GMT+0100,3488.303,3482.7790000000005,0.02,0.02
14.04.2021 08:36:44.974 GMT+0100,3488.426,3484.656,0.02,0.02
14.04.2021 08:36:45.490 GMT+0100,3488.508,3483.697,0.02,0.02
14.04.2021 08:36:47.826 GMT+0100,3488.221,3482.533,0.02,0.02
14.04.2021 08:37:18.608 GMT+0100,3488.3440000000005,3484.656,0.02,0.02
14.04.2021 08:37:19.465 GMT+0100,3488.3440000000005,3485.492,0.02,0.0075
14.04.2021 08:37:37.892 GMT+0100,3488.426,3483.492,0.02,0.02
14.04.2021 08:37:37.943 GMT+0100,3487.262,3482.697,0.02,0.02
14.04.2021 08:37:37.993 GMT+0100,3488,3482.5740000000005,0.02,0.02
14.04.2021 08:37:50.787 GMT+0100,3487.508,3482.533,0.0075,0.02
14.04.2021 08:38:02.165 GMT+0100,3487.426,3481.492,0.02,0.02
14.04.2021 08:38:03.044 GMT+0100,3487.426,3482.82,0.02,0.0075
14.04.2021 08:38:04.551 GMT+0100,3487.426,3481.82,0.02,0.02
14.04.2021 08:38:21.789 GMT+0100,3488.5490000000004,3481.697,0.02,0.02
14.04.2021 08:38:21.852 GMT+0100,3486.3440000000005,3481.6150000000002,0.0075,0.02
14.04.2021 08:38:22.924 GMT+0100,3486.3440000000005,3483,0.02,0.0075
14.04.2021 08:38:27.891 GMT+0100,3486.508,3481.738,0.02,0.02
14.04.2021 08:38:36.652 GMT+0100,3486.5490000000004,3482.533,0.02,0.0075
14.04.2021 08:38:40.563 GMT+0100,3488.303,3482.656,0.02,0.02
14.04.2021 08:39:08.516 GMT+0100,3488.262,3481.7790000000005,0.02,0.02
14.04.2021 08:39:10.633 GMT+0100,3485.467,3481.697,0.0075,0.0075
14.04.2021 08:39:10.683 GMT+0100,3485.5490000000004,3479.6150000000002,0.02,0.02
14.04.2021 08:39:10.734 GMT+0100,3487.508,3480.82,0.02,0.02
14.04.2021 08:39:15.208 GMT+0100,3488.385,3482.6150000000002,0.02,0.02
14.04.2021 08:39:16.327 GMT+0100,3487.426,3480.656,0.02,0.02
14.04.2021 08:39:32.476 GMT+0100,3486.5490000000004,3480.656,0.0075,0.02
14.04.2021 08:39:32.648 GMT+0100,3485.3440000000005,3480,0.02,0.02
14.04.2021 08:39:49.248 GMT+0100,3484.385,3478.6150000000002,0.02,0.02
14.04.2021 08:39:49.560 GMT+0100,3483.467,3478.7790000000005,0.0075,0.02
14.04.2021 08:39:49.660 GMT+0100,3484.303,3478.697,0.02,0.02
14.04.2021 08:40:06.289 GMT+0100,3483.467,3478.533,0.0075,0.0075
14.04.2021 08:40:06.339 GMT+0100,3483.467,3476.6150000000002,0.02,0.02
14.04.2021 08:40:06.586 GMT+0100,3482,3475.697,0.02,0.02
14.04.2021 08:40:11.467 GMT+0100,3483.262,3476.656,0.02,0.02
14.04.2021 08:40:16.252 GMT+0100,3481.467,3476.533,0.0075,0.02
14.04.2021 08:40:19.364 GMT+0100,3481.426,3475.82,0.02,0.02
14.04.2021 08:40:20.600 GMT+0100,3481.303,3474.492,0.02,0.02
14.04.2021 08:40:33.578 GMT+0100,3481.303,3475.697,0.02,0.0075
14.04.2021 08:40:36.128 GMT+0100,3481.221,3474.492,0.02,0.02
14.04.2021 08:40:44.091 GMT+0100,3481.1800000000003,3475.738,0.02,0.0075
14.04.2021 08:40:47.253 GMT+0100,3480.262,3475.82,0.0075,0.0075
14.04.2021 08:40:47.303 GMT+0100,3480,3474.738,0.02,0.02
14.04.2021 08:40:54.240 GMT+0100,3480.508,3473.82,0.02,0.02
14.04.2021 08:40:56.684 GMT+0100,3480.221,3475.5740000000005,0.02,0.02
14.04.2021 08:41:02.356 GMT+0100,3480.221,3474.697,0.02,0.02
14.04.2021 08:41:16.291 GMT+0100,3479,3474,0.02,0.02
14.04.2021 08:41:19.283 GMT+0100,3479.508,3474.7790000000005,0.02,0.02
14.04.2021 08:41:19.333 GMT+0100,3479.508,3473.492,0.02,0.02
14.04.2021 08:41:19.601 GMT+0100,3479.303,3474.82,0.02,0.02
14.04.2021 08:41:32.752 GMT+0100,3479.5490000000004,3473.6150000000002,0.02,0.02
14.04.2021 08:41:37.853 GMT+0100,3478.262,3473.451,0.0075,0.0075
14.04.2021 08:41:37.903 GMT+0100,3478.303,3472.697,0.02,0.02
14.04.2021 08:41:37.953 GMT+0100,3478.221,3473.5740000000005,0.02,0.02
14.04.2021 08:41:38.004 GMT+0100,3479,3472.6150000000002,0.02,0.02
14.04.2021 08:41:46.299 GMT+0100,3478.467,3472.656,0.0075,0.02
14.04.2021 08:42:04.856 GMT+0100,3478.467,3474.5740000000005,0.02,0.02
14.04.2021 08:42:07.052 GMT+0100,3478,3472.5740000000005,0.02,0.02
14.04.2021 08:42:10.575 GMT+0100,3478.1800000000003,3474.5740000000005,0.02,0.02
14.04.2021 08:42:20.603 GMT+0100,3478.221,3473.6150000000002,0.02,0.02
14.04.2021 08:42:22.810 GMT+0100,3478.221,3472.5740000000005,0.02,0.02
14.04.2021 08:42:33.308 GMT+0100,3478.3440000000005,3474.7790000000005,0.02,0.0075
14.04.2021 08:42:33.440 GMT+0100,3478.426,3473.6150000000002,0.02,0.02
14.04.2021 08:42:34.997 GMT+0100,3478,3472.492,0.02,0.02
14.04.2021 08:42:37.884 GMT+0100,3478.221,3473.7790000000005,0.02,0.0075
14.04.2021 08:42:38.274 GMT+0100,3478.385,3472.82,0.02,0.02
14.04.2021 08:42:58.474 GMT+0100,3478.385,3473.6150000000002,0.02,0.02
14.04.2021 08:43:04.068 GMT+0100,3478.426,3474.7790000000005,0.02,0.0075
14.04.2021 08:43:04.118 GMT+0100,3478.385,3473.7790000000005,0.02,0.02
14.04.2021 08:43:20.842 GMT+0100,3478.3440000000005,3472.492,0.02,0.02
14.04.2021 08:43:23.378 GMT+0100,3478.3440000000005,3473.738,0.02,0.0075
14.04.2021 08:43:26.987 GMT+0100,3478.385,3474.6150000000002,0.02,0.0075
14.04.2021 08:43:27.088 GMT+0100,3478.1800000000003,3476,0.02,0.02
14.04.2021 08:43:27.294 GMT+0100,3478.5490000000004,3474.7790000000005,0.02,0.02
14.04.2021 08:43:37.906 GMT+0100,3478.221,3473.451,0.02,0.02
14.04.2021 08:43:38.048 GMT+0100,3478.467,3474.5740000000005,0.02,0.02
14.04.2021 08:44:02.095 GMT+0100,3478.3440000000005,3472.451,0.02,0.02
14.04.2021 08:44:07.119 GMT+0100,3478.262,3471.656,0.02,0.02
14.04.2021 08:44:11.486 GMT+0100,3476,3471.656,0.02,0.02
14.04.2021 08:44:13.336 GMT+0100,3476.467,3470.697,0.02,0.02
14.04.2021 08:44:37.889 GMT+0100,3476.508,3473,0.02,0.0075
14.04.2021 08:44:37.990 GMT+0100,3476.221,3471.82,0.02,0.02
14.04.2021 08:44:40.488 GMT+0100,3476.3440000000005,3470.6150000000002,0.02,0.02
14.04.2021 08:44:43.418 GMT+0100,3476.303,3471.451,0.02,0.02
14.04.2021 08:44:45.284 GMT+0100,3477.1800000000003,3471.7790000000005,0.02,0.02
14.04.2021 08:44:45.344 GMT+0100,3477.1800000000003,3472.6150000000002,0.0075,0.0075
14.04.2021 08:44:45.394 GMT+0100,3478.1800000000003,3472.82,0.02,0.02
14.04.2021 08:44:46.440 GMT+0100,3477.385,3472.7790000000005,0.0075,0.0075
14.04.2021 08:44:46.490 GMT+0100,3477.467,3472,0.02,0.02
14.04.2021 08:44:53.958 GMT+0100,3477.385,3470.738,0.02,0.02
14.04.2021 08:44:56.942 GMT+0100,3477.3440000000005,3471.6150000000002,0.02,0.0075
14.04.2021 08:44:57.110 GMT+0100,3477.1800000000003,3470.7790000000005,0.02,0.02
14.04.2021 08:45:00.612 GMT+0100,3477.262,3471.533,0.02,0.0075
14.04.2021 08:45:04.162 GMT+0100,3477.508,3473,0.02,0.0075
14.04.2021 08:45:04.212 GMT+0100,3478.467,3472.697,0.02,0.02
14.04.2021 08:45:08.337 GMT+0100,3477.467,3472.492,0.0075,0.0075
14.04.2021 08:45:08.387 GMT+0100,3477.1800000000003,3471.697,0.02,0.02
14.04.2021 08:45:08.898 GMT+0100,3477.221,3472.451,0.02,0.0075
14.04.2021 08:45:48.825 GMT+0100,3477.262,3473.82,0.02,0.02
14.04.2021 08:45:48.925 GMT+0100,3478.3440000000005,3473.6150000000002,0.02,0.02
14.04.2021 08:45:49.145 GMT+0100,3477.303,3473.7790000000005,0.02,0.02
14.04.2021 08:45:49.486 GMT+0100,3478.385,3473.5740000000005,0.02,0.02
14.04.2021 08:45:49.587 GMT+0100,3483.221,3477.656,0.02,0.02
14.04.2021 08:45:49.637 GMT+0100,3482.467,3476.492,0.02,0.02
14.04.2021 08:45:50.154 GMT+0100,3482.1800000000003,3477.738,0.02,0.0075
14.04.2021 08:46:37.888 GMT+0100,3478.1800000000003,3477.492,0.0075,0.0075
14.04.2021 08:46:37.938 GMT+0100,3477.385,3470.7790000000005,0.02,0.02
14.04.2021 08:46:38.734 GMT+0100,3475.221,3470.533,0.0075,0.0075
14.04.2021 08:46:38.785 GMT+0100,3475,3468.656,0.02,0.02
14.04.2021 08:46:40.222 GMT+0100,3475.508,3470.7790000000005,0.02,0.0075
14.04.2021 08:46:40.323 GMT+0100,3476,3470.656,0.02,0.02
14.04.2021 08:46:49.878 GMT+0100,3476.5490000000004,3471.6150000000002,0.02,0.02
14.04.2021 08:46:54.302 GMT+0100,3476.508,3470.82,0.02,0.02
14.04.2021 08:47:24.333 GMT+0100,3476.221,3472.738,0.0075,0.0075
14.04.2021 08:47:24.383 GMT+0100,3476.221,3470.492,0.02,0.02
14.04.2021 08:47:24.448 GMT+0100,3475.3440000000005,3470.697,0.0075,0.0075
14.04.2021 08:47:24.499 GMT+0100,3473.385,3467.451,0.02,0.02
14.04.2021 08:47:24.686 GMT+0100,3471.467,3464.82,0.02,0.02
14.04.2021 08:47:24.807 GMT+0100,3472.3440000000005,3464.5740000000005,0.02,0.02
14.04.2021 08:47:24.880 GMT+0100,3471.508,3465,0.0075,0.02
14.04.2021 08:47:25.203 GMT+0100,3472.467,3464.5740000000005,0.02,0.02
14.04.2021 08:47:25.293 GMT+0100,3471.221,3464.697,0.02,0.02
14.04.2021 08:47:25.490 GMT+0100,3471.3440000000005,3463.5740000000005,0.02,0.02
14.04.2021 08:47:25.655 GMT+0100,3471.385,3464.492,0.02,0.02
14.04.2021 08:47:26.304 GMT+0100,3469.3440000000005,3464.533,0.0075,0.0075
14.04.2021 08:47:26.354 GMT+0100,3469.303,3463.82,0.02,0.02
14.04.2021 08:47:26.436 GMT+0100,3471.3440000000005,3463.492,0.02,0.02
14.04.2021 08:47:26.575 GMT+0100,3471.262,3462.451,0.02,0.02
14.04.2021 08:47:27.653 GMT+0100,3471.221,3464,0.02,0.02
14.04.2021 08:47:32.939 GMT+0100,3470.3440000000005,3463.5740000000005,0.02,0.02
14.04.2021 08:47:36.306 GMT+0100,3471.1800000000003,3463.451,0.02,0.02
14.04.2021 08:47:40.052 GMT+0100,3469,3465.6150000000002,0.0075,0.0075
14.04.2021 08:47:40.208 GMT+0100,3468.508,3462.533,0.02,0.02
14.04.2021 08:47:40.309 GMT+0100,3466.3440000000005,3462.451,0.02,0.02
14.04.2021 08:47:40.359 GMT+0100,3467.3440000000005,3462.7790000000005,0.02,0.02
14.04.2021 08:47:40.456 GMT+0100,3467.262,3463.656,0.0075,0.0075
14.04.2021 08:47:40.506 GMT+0100,3468.467,3463.738,0.02,0.02
14.04.2021 08:47:40.557 GMT+0100,3468.426,3462.6150000000002,0.02,0.02
14.04.2021 08:47:40.702 GMT+0100,3469.303,3462.7790000000005,0.02,0.02
14.04.2021 08:47:41.264 GMT+0100,3468,3462.6150000000002,0.0075,0.02
14.04.2021 08:48:04.664 GMT+0100,3468.5490000000004,3463.738,0.02,0.02
14.04.2021 08:48:04.785 GMT+0100,3468,3462.5740000000005,0.02,0.02
14.04.2021 08:48:08.829 GMT+0100,3468.1800000000003,3462,0.02,0.02
14.04.2021 08:48:35.268 GMT+0100,3468.1800000000003,3462.82,0.02,0.0075
14.04.2021 08:49:15.712 GMT+0100,3468.508,3463.656,0.0075,0.0075
14.04.2021 08:49:15.762 GMT+0100,3468.1800000000003,3462.533,0.02,0.02
14.04.2021 08:49:20.056 GMT+0100,3469.5490000000004,3462.656,0.02,0.02
14.04.2021 08:49:22.450 GMT+0100,3468.467,3461.82,0.02,0.02
14.04.2021 08:49:31.749 GMT+0100,3468.385,3462.697,0.02,0.0075
14.04.2021 08:49:33.241 GMT+0100,3469.3440000000005,3462.82,0.02,0.02
14.04.2021 08:49:53.388 GMT+0100,3468.5490000000004,3463,0.02,0.02
14.04.2021 08:50:59.052 GMT+0100,3466.1800000000003,3462.738,0.0075,0.02
14.04.2021 08:50:59.153 GMT+0100,3468.262,3462.738,0.02,0.02
14.04.2021 08:51:48.544 GMT+0100,3467.262,3462.492,0.0075,0.02
14.04.2021 08:52:27.912 GMT+0100,3465.303,3462.82,0.0075,0.02
14.04.2021 08:52:31.639 GMT+0100,3463.262,3462.75,0.0075,0.0075
14.04.2021 08:52:31.689 GMT+0100,3463.303,3459.5740000000005,0.02,0.02
14.04.2021 08:52:38.579 GMT+0100,3463.1800000000003,3458.451,0.02,0.02
14.04.2021 08:52:40.072 GMT+0100,3463.5490000000004,3461.451,0.0075,0.0075
14.04.2021 08:52:40.122 GMT+0100,3464.508,3461.656,0.02,0.02
14.04.2021 08:52:41.142 GMT+0100,3465.508,3461.7790000000005,0.02,0.02
14.04.2021 08:53:18.305 GMT+0100,3465.508,3458.738,0.02,0.02
14.04.2021 08:54:20.092 GMT+0100,3465.385,3459.5740000000005,0.01,0.01
14.04.2021 08:54:20.385 GMT+0100,3464.262,3458.697,0.02,0.02
14.04.2021 08:54:20.572 GMT+0100,3463.467,3458.738,0.0075,0.0075
14.04.2021 08:54:20.622 GMT+0100,3463.426,3455.6150000000002,0.02,0.02
14.04.2021 08:54:20.672 GMT+0100,3462,3455.656,0.0075,0.02
14.04.2021 08:54:20.826 GMT+0100,3463.426,3455.492,0.02,0.02
14.04.2021 08:54:21.417 GMT+0100,3462.385,3455.6150000000002,0.0075,0.02
14.04.2021 08:54:22.513 GMT+0100,3462.508,3456.697,0.02,0.0075
14.04.2021 08:54:23.480 GMT+0100,3461.5490000000004,3456.6150000000002,0.0075,0.02
14.04.2021 08:54:24.967 GMT+0100,3461,3457.6150000000002,0.02,0.02
14.04.2021 08:54:25.286 GMT+0100,3460.385,3456.7790000000005,0.02,0.02
14.04.2021 08:55:10.618 GMT+0100,3459.303,3457,0.02,0.02
14.04.2021 08:55:18.157 GMT+0100,3459.303,3453.82,0.02,0.02
14.04.2021 08:55:18.956 GMT+0100,3460.3440000000005,3453.656,0.02,0.02
14.04.2021 08:55:19.865 GMT+0100,3460.303,3454.7790000000005,0.02,0.0075
14.04.2021 08:55:22.176 GMT+0100,3460.1800000000003,3456,0.02,0.02
14.04.2021 08:55:23.565 GMT+0100,3460.262,3455,0.02,0.02
14.04.2021 08:55:38.656 GMT+0100,3459.221,3454.697,0.0075,0.02
14.04.2021 08:56:35.540 GMT+0100,3462.508,3456.738,0.02,0.02
14.04.2021 08:56:35.641 GMT+0100,3462.467,3455.533,0.02,0.02
14.04.2021 08:56:36.668 GMT+0100,3462.508,3457.533,0.02,0.0075
14.04.2021 08:56:36.718 GMT+0100,3462.1800000000003,3456.6150000000002,0.02,0.02
14.04.2021 08:56:36.926 GMT+0100,3461.3440000000005,3456.7790000000005,0.02,0.02
14.04.2021 08:56:37.284 GMT+0100,3461.1800000000003,3459.75,0.02,0.0075
14.04.2021 08:56:37.512 GMT+0100,3462.303,3459.492,0.02,0.02
14.04.2021 08:56:58.457 GMT+0100,3461.5490000000004,3459.6150000000002,0.02,0.02
14.04.2021 08:56:58.574 GMT+0100,3462.1800000000003,3459.451,0.02,0.02
14.04.2021 08:56:58.637 GMT+0100,3461.508,3459.5740000000005,0.0075,0.02
14.04.2021 08:56:58.738 GMT+0100,3462.303,3460,0.02,0.02
14.04.2021 08:56:58.788 GMT+0100,3461.3440000000005,3459.738,0.02,0.02
14.04.2021 08:56:58.899 GMT+0100,3462.221,3459.6150000000002,0.02,0.02
14.04.2021 08:56:58.950 GMT+0100,3461.5490000000004,3459.82,0.02,0.02
14.04.2021 08:56:59.075 GMT+0100,3462.303,3459.451,0.02,0.02
14.04.2021 08:56:59.176 GMT+0100,3461.1800000000003,3459.656,0.02,0.02
14.04.2021 08:56:59.226 GMT+0100,3462.3440000000005,3459.6150000000002,0.02,0.02
14.04.2021 08:56:59.327 GMT+0100,3461.221,3459.738,0.02,0.02
14.04.2021 08:56:59.377 GMT+0100,3462.467,3459.5740000000005,0.02,0.02
14.04.2021 08:56:59.451 GMT+0100,3461.3440000000005,3458,0.02,0.02
14.04.2021 08:56:59.554 GMT+0100,3462.262,3457.7790000000005,0.02,0.02
14.04.2021 08:57:00.084 GMT+0100,3460.1800000000003,3458,0.0075,0.02
14.04.2021 08:57:00.135 GMT+0100,3462.508,3457.82,0.02,0.02
14.04.2021 08:57:00.325 GMT+0100,3461.467,3457.6150000000002,0.0075,0.02
14.04.2021 08:57:03.086 GMT+0100,3462.385,3457.533,0.02,0.02
14.04.2021 08:57:10.533 GMT+0100,3461.467,3457.82,0.0075,0.02
14.04.2021 08:57:23.249 GMT+0100,3460.508,3457.6150000000002,0.0075,0.02
14.04.2021 08:57:41.111 GMT+0100,3460.385,3458.697,0.0075,0.0075
14.04.2021 08:57:41.161 GMT+0100,3462.303,3459,0.02,0.02
14.04.2021 08:57:41.290 GMT+0100,3463.303,3457.6150000000002,0.02,0.02
14.04.2021 08:58:27.499 GMT+0100,3463.426,3458.451,0.02,0.02
14.04.2021 08:58:29.036 GMT+0100,3463.467,3457.738,0.02,0.02
14.04.2021 08:58:29.086 GMT+0100,3463.467,3458.7790000000005,0.02,0.0075
14.04.2021 09:00:15.660 GMT+0100,3465,3459.738,0.02,0.02
14.04.2021 09:00:15.777 GMT+0100,3465.262,3458.492,0.02,0.02
14.04.2021 09:00:15.844 GMT+0100,3465,3459.7790000000005,0.02,0.0075
14.04.2021 09:00:16.524 GMT+0100,3465.508,3462.738,0.0075,0.0075
14.04.2021 09:00:16.575 GMT+0100,3471.5490000000004,3465.6150000000002,0.02,0.02
14.04.2021 09:00:16.916 GMT+0100,3472.3440000000005,3466.656,0.02,0.02
14.04.2021 09:00:17.086 GMT+0100,3470.262,3466.738,0.0075,0.02
14.04.2021 09:00:17.522 GMT+0100,3472.385,3466.5740000000005,0.02,0.02
14.04.2021 09:00:17.827 GMT+0100,3471,3467,0.0075,0.02
14.04.2021 09:00:17.928 GMT+0100,3471.426,3465.82,0.02,0.02
14.04.2021 09:00:18.526 GMT+0100,3471.385,3468,0.02,0.0075
14.04.2021 09:00:18.694 GMT+0100,3471.508,3465.656,0.02,0.02
14.04.2021 09:00:30.841 GMT+0100,3472.1800000000003,3466,0.02,0.02
14.04.2021 09:00:30.900 GMT+0100,3472.5490000000004,3466.451,0.02,0.02
14.04.2021 09:00:43.784 GMT+0100,3471,3466.7790000000005,0.0075,0.0075
14.04.2021 09:00:43.834 GMT+0100,3472,3465.5740000000005,0.02,0.02
14.04.2021 09:00:54.748 GMT+0100,3471.5490000000004,3465.533,0.0075,0.02
14.04.2021 09:00:55.906 GMT+0100,3472.303,3465.533,0.02,0.02
14.04.2021 09:01:10.660 GMT+0100,3469.262,3465.82,0.0075,0.0075
14.04.2021 09:01:10.710 GMT+0100,3469.508,3463.697,0.02,0.02
14.04.2021 09:01:11.263 GMT+0100,3470.5490000000004,3463.82,0.02,0.02
14.04.2021 09:01:15.450 GMT+0100,3470.5490000000004,3465.82,0.02,0.0075
14.04.2021 09:01:16.494 GMT+0100,3469.3440000000005,3465.533,0.0075,0.02
14.04.2021 09:01:16.544 GMT+0100,3470.5490000000004,3465.5740000000005,0.02,0.02
14.04.2021 09:01:21.030 GMT+0100,3470,3466.738,0.0075,0.0075
14.04.2021 09:01:21.286 GMT+0100,3470.5490000000004,3465.82,0.02,0.02
14.04.2021 09:01:26.528 GMT+0100,3470.385,3466.5740000000005,0.02,0.02
14.04.2021 09:01:26.690 GMT+0100,3470.508,3465.656,0.02,0.02
14.04.2021 09:01:29.161 GMT+0100,3469.1800000000003,3465.656,0.0075,0.02
14.04.2021 09:01:32.151 GMT+0100,3469.3440000000005,3466.5740000000005,0.0075,0.0075
14.04.2021 09:01:32.202 GMT+0100,3472.303,3466.533,0.02,0.02
14.04.2021 09:01:32.253 GMT+0100,3472.303,3468.738,0.02,0.02
14.04.2021 09:01:33.582 GMT+0100,3472,3469.451,0.02,0.02
14.04.2021 09:01:35.769 GMT+0100,3475.262,3469.656,0.02,0.02
14.04.2021 09:01:36.479 GMT+0100,3474,3469.492,0.0075,0.02
14.04.2021 09:01:42.918 GMT+0100,3476.385,3472.738,0.02,0.02
14.04.2021 09:01:42.968 GMT+0100,3476.3440000000005,3471.5740000000005,0.02,0.02
14.04.2021 09:01:43.076 GMT+0100,3478.3440000000005,3472.738,0.0075,0.0075
14.04.2021 09:01:43.126 GMT+0100,3477,3471.7790000000005,0.02,0.02
14.04.2021 09:01:43.176 GMT+0100,3479.385,3472.7790000000005,0.02,0.02
14.04.2021 09:01:43.228 GMT+0100,3479.508,3473.82,0.02,0.0075
14.04.2021 09:01:43.329 GMT+0100,3477.508,3471.697,0.02,0.02
14.04.2021 09:01:43.574 GMT+0100,3479.303,3472.451,0.02,0.02
14.04.2021 09:01:43.652 GMT+0100,3479.303,3473.492,0.02,0.0075
14.04.2021 09:01:44.714 GMT+0100,3479.467,3471.697,0.02,0.02
14.04.2021 09:01:44.955 GMT+0100,3479.262,3472.697,0.02,0.0075
14.04.2021 09:01:45.277 GMT+0100,3480.508,3473.738,0.02,0.02
14.04.2021 09:01:45.427 GMT+0100,3479.3440000000005,3473.656,0.02,0.02
14.04.2021 09:01:45.478 GMT+0100,3481.221,3474,0.02,0.02
14.04.2021 09:01:45.870 GMT+0100,3480.385,3473.6150000000002,0.0075,0.02
14.04.2021 09:01:46.107 GMT+0100,3480.262,3475.738,0.02,0.0075
14.04.2021 09:01:47.125 GMT+0100,3481.303,3475.738,0.02,0.02
14.04.2021 09:01:47.976 GMT+0100,3481.467,3477.5740000000005,0.0075,0.0075
14.04.2021 09:01:48.026 GMT+0100,3482.467,3477.7790000000005,0.02,0.02
14.04.2021 09:01:53.153 GMT+0100,3481.426,3477.7790000000005,0.02,0.02
14.04.2021 09:01:54.934 GMT+0100,3482.426,3477.82,0.02,0.02
14.04.2021 09:01:55.076 GMT+0100,3481.5490000000004,3477.697,0.0075,0.02
14.04.2021 09:02:09.775 GMT+0100,3482.1800000000003,3477.7790000000005,0.02,0.02
14.04.2021 09:02:33.116 GMT+0100,3481.426,3477.492,0.02,0.02
14.04.2021 09:02:33.166 GMT+0100,3480.385,3475.697,0.02,0.02
14.04.2021 09:02:38.392 GMT+0100,3480.426,3473.533,0.02,0.02
14.04.2021 09:02:38.456 GMT+0100,3478.426,3474,0.0075,0.02
14.04.2021 09:02:38.506 GMT+0100,3479.303,3473.656,0.02,0.02
14.04.2021 09:02:38.692 GMT+0100,3478.221,3473.7790000000005,0.0075,0.02
14.04.2021 09:02:45.269 GMT+0100,3477.3440000000005,3473.5740000000005,0.0075,0.02
14.04.2021 09:02:50.179 GMT+0100,3476.221,3473.697,0.0075,0.02
14.04.2021 09:03:05.686 GMT+0100,3475.467,3471.738,0.02,0.02
14.04.2021 09:03:05.788 GMT+0100,3475.3440000000005,3471,0.02,0.02
14.04.2021 09:03:35.844 GMT+0100,3472.508,3470.533,0.0075,0.0075
14.04.2021 09:03:35.894 GMT+0100,3470.262,3466.6150000000002,0.02,0.02
14.04.2021 09:03:36.133 GMT+0100,3470.508,3469,0.02,0.0075
14.04.2021 09:03:55.914 GMT+0100,3471.467,3468.697,0.02,0.02
14.04.2021 09:03:56.015 GMT+0100,3474.508,3470.6150000000002,0.02,0.02
14.04.2021 09:04:57.389 GMT+0100,3474.426,3472.5740000000005,0.0075,0.0075
14.04.2021 09:04:57.439 GMT+0100,3476.303,3472.492,0.02,0.02
14.04.2021 09:04:57.490 GMT+0100,3476.221,3471.738,0.02,0.02
14.04.2021 09:04:57.590 GMT+0100,3475.467,3469.6150000000002,0.02,0.02
14.04.2021 09:04:57.641 GMT+0100,3476.303,3469.492,0.02,0.02
14.04.2021 09:04:57.693 GMT+0100,3476.303,3470.451,0.02,0.0075
14.04.2021 09:04:58.658 GMT+0100,3477.385,3471,0.02,0.02
14.04.2021 09:05:00.040 GMT+0100,3477,3471.7790000000005,0.02,0.0075
14.04.2021 09:05:01.564 GMT+0100,3478.385,3472.738,0.02,0.02
14.04.2021 09:05:01.680 GMT+0100,3476.508,3472.656,0.0075,0.02
14.04.2021 09:05:01.866 GMT+0100,3477.262,3472.492,0.02,0.02
14.04.2021 09:05:01.917 GMT+0100,3478.467,3472.656,0.02,0.02
14.04.2021 09:05:03.554 GMT+0100,3478.221,3473.5740000000005,0.02,0.0075
14.04.2021 09:05:03.665 GMT+0100,3477.508,3473.5740000000005,0.02,0.02
14.04.2021 09:05:04.636 GMT+0100,3476.508,3473.697,0.0075,0.0075
14.04.2021 09:05:04.686 GMT+0100,3476.303,3471.533,0.02,0.02
14.04.2021 09:05:21.308 GMT+0100,3476.426,3473.7790000000005,0.02,0.0075
14.04.2021 09:06:44.448 GMT+0100,3476.508,3474.492,0.0075,0.0075
14.04.2021 09:06:44.498 GMT+0100,3477.221,3473,0.02,0.02
14.04.2021 09:06:44.548 GMT+0100,3476.5490000000004,3472.7790000000005,0.02,0.02
14.04.2021 09:06:47.663 GMT+0100,3475.1800000000003,3471,0.02,0.02
14.04.2021 09:06:52.150 GMT+0100,3473,3468.656,0.02,0.02
14.04.2021 09:06:52.519 GMT+0100,3474.262,3468.7790000000005,0.02,0.02
14.04.2021 09:06:54.835 GMT+0100,3474.385,3469.7790000000005,0.02,0.0075
14.04.2021 09:06:54.886 GMT+0100,3474.303,3468.6150000000002,0.02,0.02
14.04.2021 09:06:54.988 GMT+0100,3473,3468.533,0.02,0.02
14.04.2021 09:07:00.118 GMT+0100,3473.3440000000005,3467.7790000000005,0.02,0.02
14.04.2021 09:07:00.537 GMT+0100,3473.3440000000005,3469,0.02,0.0075
14.04.2021 09:07:45.084 GMT+0100,3473.221,3469.697,0.02,0.0075
14.04.2021 09:07:46.433 GMT+0100,3473.3440000000005,3468.492,0.02,0.02
14.04.2021 09:08:35.382 GMT+0100,3473.508,3470,0.02,0.0075
14.04.2021 09:08:35.433 GMT+0100,3473.1800000000003,3468.82,0.02,0.02
14.04.2021 09:10:08.555 GMT+0100,3473.262,3469.6150000000002,0.02,0.0075
14.04.2021 09:11:00.866 GMT+0100,3472.508,3469.451,0.02,0.02
14.04.2021 09:11:03.003 GMT+0100,3474.508,3469.738,0.02,0.02
14.04.2021 09:11:03.194 GMT+0100,3474.1800000000003,3470.738,0.02,0.02
14.04.2021 09:11:29.646 GMT+0100,3475.3440000000005,3470.533,0.02,0.02
14.04.2021 09:11:29.696 GMT+0100,3476,3472.5740000000005,0.02,0.02
14.04.2021 09:11:29.800 GMT+0100,3477,3472.738,0.02,0.02
14.04.2021 09:11:41.040 GMT+0100,3476.1800000000003,3472.697,0.02,0.02
14.04.2021 09:11:41.200 GMT+0100,3477.303,3472.738,0.02,0.02
14.04.2021 09:12:16.903 GMT+0100,3477.467,3473.738,0.02,0.02
14.04.2021 09:12:28.170 GMT+0100,3478.1800000000003,3473.82,0.02,0.02
14.04.2021 09:12:50.117 GMT+0100,3477.221,3473.6150000000002,0.02,0.02
14.04.2021 09:12:50.167 GMT+0100,3478.1800000000003,3473.82,0.02,0.02
14.04.2021 09:12:53.176 GMT+0100,3477.508,3473.697,0.02,0.02
14.04.2021 09:12:54.142 GMT+0100,3478.3440000000005,3473.6150000000002,0.02,0.02
14.04.2021 09:12:57.321 GMT+0100,3477.3440000000005,3473.697,0.02,0.02
14.04.2021 09:12:59.080 GMT+0100,3478.262,3473.6150000000002,0.02,0.02
14.04.2021 09:13:21.303 GMT+0100,3477.262,3473.7790000000005,0.0075,0.02
14.04.2021 09:13:23.973 GMT+0100,3478.385,3473.533,0.02,0.02
14.04.2021 09:13:27.376 GMT+0100,3477.508,3473.697,0.02,0.02
14.04.2021 09:13:35.678 GMT+0100,3477,3474.7790000000005,0.02,0.0075
14.04.2021 09:15:09.183 GMT+0100,3477.3440000000005,3475.738,0.0075,0.0075
14.04.2021 09:15:09.233 GMT+0100,3478,3475.492,0.02,0.02
14.04.2021 09:15:09.284 GMT+0100,3478.221,3474.533,0.02,0.02
14.04.2021 09:15:15.312 GMT+0100,3478.221,3475.533,0.02,0.02
14.04.2021 09:16:00.090 GMT+0100,3480.508,3476.7790000000005,0.02,0.02
14.04.2021 09:16:00.192 GMT+0100,3480.221,3475.738,0.02,0.02
14.04.2021 09:16:00.781 GMT+0100,3480,3477,0.02,0.02
14.04.2021 09:17:10.353 GMT+0100,3481.221,3476.738,0.02,0.02
14.04.2021 09:17:10.403 GMT+0100,3481.508,3477.697,0.02,0.02
14.04.2021 09:19:20.142 GMT+0100,3482.426,3479.656,0.02,0.02
14.04.2021 09:19:20.536 GMT+0100,3483.385,3479.5740000000005,0.02,0.02
14.04.2021 09:19:26.200 GMT+0100,3484.262,3479.738,0.02,0.02
14.04.2021 09:19:26.423 GMT+0100,3484.303,3480.5740000000005,0.02,0.0075
14.04.2021 09:19:35.227 GMT+0100,3485.1800000000003,3481,0.02,0.02
14.04.2021 09:19:35.277 GMT+0100,3485.467,3481.82,0.02,0.02
14.04.2021 09:19:50.521 GMT+0100,3485.385,3482.738,0.0075,0.0075
14.04.2021 09:19:50.571 GMT+0100,3487.508,3482.451,0.02,0.02
14.04.2021 09:19:50.622 GMT+0100,3486.262,3481.656,0.02,0.02
14.04.2021 09:19:52.831 GMT+0100,3487.1800000000003,3481.697,0.02,0.02
14.04.2021 09:19:56.268 GMT+0100,3487.3440000000005,3482.7790000000005,0.02,0.0075
14.04.2021 09:19:58.575 GMT+0100,3487.221,3483.5740000000005,0.0075,0.0075
14.04.2021 09:19:58.626 GMT+0100,3488.262,3483.451,0.02,0.02
14.04.2021 09:19:59.628 GMT+0100,3488.221,3482.533,0.02,0.02
14.04.2021 09:19:59.738 GMT+0100,3488.262,3483.492,0.02,0.02
14.04.2021 09:20:00.842 GMT+0100,3488.426,3482.5740000000005,0.02,0.02
14.04.2021 09:20:04.562 GMT+0100,3488.3440000000005,3483.5740000000005,0.0075,0.0075
14.04.2021 09:20:04.612 GMT+0100,3489.467,3483.533,0.02,0.02
14.04.2021 09:20:06.728 GMT+0100,3489.303,3484.533,0.02,0.0075
14.04.2021 09:20:07.601 GMT+0100,3490.508,3484.697,0.02,0.02
14.04.2021 09:20:08.052 GMT+0100,3489.3440000000005,3484.82,0.02,0.02
14.04.2021 09:20:10.294 GMT+0100,3490.303,3484.82,0.02,0.02
14.04.2021 09:20:11.123 GMT+0100,3489,3484.697,0.0075,0.02
14.04.2021 09:20:20.374 GMT+0100,3490.508,3484.82,0.02,0.02
14.04.2021 09:20:23.190 GMT+0100,3489.303,3484.697,0.0075,0.02
14.04.2021 09:20:32.820 GMT+0100,3489.508,3483.656,0.02,0.02
14.04.2021 09:20:33.261 GMT+0100,3488.5490000000004,3483.451,0.0075,0.0075
14.04.2021 09:20:33.312 GMT+0100,3488,3482.533,0.02,0.02
14.04.2021 09:21:28.024 GMT+0100,3487.5490000000004,3482.533,0.0075,0.02
14.04.2021 09:22:02.076 GMT+0100,3486.221,3482.697,0.0075,0.02
14.04.2021 09:22:02.177 GMT+0100,3485.262,3481.7790000000005,0.02,0.02
14.04.2021 09:22:06.155 GMT+0100,3486.508,3481.533,0.02,0.02
14.04.2021 09:22:10.490 GMT+0100,3485.3440000000005,3481.533,0.02,0.02
14.04.2021 09:22:15.530 GMT+0100,3486.385,3481.82,0.02,0.02
14.04.2021 09:22:17.496 GMT+0100,3485.385,3481.533,0.0075,0.02
14.04.2021 09:23:06.883 GMT+0100,3483.3440000000005,3481.7790000000005,0.0075,0.0075
14.04.2021 09:23:06.933 GMT+0100,3482.221,3477.533,0.02,0.02
14.04.2021 09:23:06.984 GMT+0100,3481.221,3476.533,0.02,0.02
14.04.2021 09:23:10.561 GMT+0100,3482.221,3477.656,0.02,0.02
14.04.2021 09:23:27.965 GMT+0100,3481.467,3477.656,0.0075,0.02
14.04.2021 09:24:00.864 GMT+0100,3481.426,3478.7790000000005,0.0075,0.0075
14.04.2021 09:24:00.914 GMT+0100,3485.467,3480.7790000000005,0.02,0.02
14.04.2021 09:24:13.095 GMT+0100,3484.303,3480.533,0.0075,0.0075
14.04.2021 09:24:13.146 GMT+0100,3485,3479.82,0.02,0.02
14.04.2021 09:24:13.411 GMT+0100,3484.1800000000003,3480,0.0075,0.02
14.04.2021 09:24:21.106 GMT+0100,3485.221,3479.451,0.02,0.02
14.04.2021 09:24:21.558 GMT+0100,3485.262,3481.492,0.02,0.0075
14.04.2021 09:24:21.609 GMT+0100,3485.508,3480.6150000000002,0.02,0.02
14.04.2021 09:24:35.774 GMT+0100,3485.426,3482.6150000000002,0.0075,0.0075
14.04.2021 09:24:35.824 GMT+0100,3486.3440000000005,3481.5740000000005,0.02,0.02
14.04.2021 09:24:37.139 GMT+0100,3485,3481.7790000000005,0.0075,0.02
14.04.2021 09:25:00.048 GMT+0100,3485.508,3482.5740000000005,0.0075,0.0075
14.04.2021 09:25:00.148 GMT+0100,3486.467,3482.492,0.02,0.02
14.04.2021 09:25:00.236 GMT+0100,3486.508,3483.656,0.02,0.02
14.04.2021 09:25:00.380 GMT+0100,3486,3482.492,0.02,0.02
14.04.2021 09:25:00.587 GMT+0100,3486.1800000000003,3483.82,0.02,0.02
14.04.2021 09:25:22.772 GMT+0100,3486.1800000000003,3481.533,0.02,0.02
14.04.2021 09:25:22.894 GMT+0100,3487.3440000000005,3481.82,0.02,0.02
14.04.2021 09:25:26.872 GMT+0100,3487.385,3483.492,0.02,0.0075
14.04.2021 09:25:30.640 GMT+0100,3486,3483.7790000000005,0.0075,0.02
14.04.2021 09:25:44.233 GMT+0100,3486.426,3481.697,0.02,0.02
14.04.2021 09:25:44.284 GMT+0100,3485.467,3481.533,0.02,0.02
14.04.2021 09:25:44.345 GMT+0100,3485.426,3480.451,0.02,0.02
14.04.2021 09:25:52.643 GMT+0100,3485.385,3481.656,0.02,0.0075
14.04.2021 09:26:01.106 GMT+0100,3486,3481.451,0.02,0.02
14.04.2021 09:26:01.156 GMT+0100,3485.5490000000004,3481.533,0.02,0.02
14.04.2021 09:26:01.257 GMT+0100,3486.262,3481.6150000000002,0.02,0.02
14.04.2021 09:26:02.463 GMT+0100,3486.3440000000005,3483.5740000000005,0.0075,0.0075
14.04.2021 09:26:02.514 GMT+0100,3487,3483.82,0.02,0.02
14.04.2021 09:26:08.881 GMT+0100,3487.508,3482.533,0.02,0.02
14.04.2021 09:26:25.926 GMT+0100,3486.5490000000004,3482.656,0.0075,0.0075
14.04.2021 09:26:25.977 GMT+0100,3486.262,3481.697,0.02,0.02
14.04.2021 09:26:30.080 GMT+0100,3486.303,3482.492,0.0075,0.0075
14.04.2021 09:26:30.130 GMT+0100,3487.5490000000004,3483,0.02,0.02
14.04.2021 09:26:38.112 GMT+0100,3486.385,3482.5740000000005,0.0075,0.0075
14.04.2021 09:26:38.162 GMT+0100,3486.508,3481.5740000000005,0.02,0.02
14.04.2021 09:26:48.479 GMT+0100,3486,3482.6150000000002,0.02,0.0075
14.04.2021 09:26:48.579 GMT+0100,3487.303,3483,0.02,0.02
14.04.2021 09:27:06.419 GMT+0100,3487.221,3483.656,0.02,0.0075
14.04.2021 09:27:40.891 GMT+0100,3486.1800000000003,3484,0.0075,0.02
14.04.2021 09:27:43.039 GMT+0100,3487.385,3483.533,0.02,0.02
14.04.2021 09:28:31.085 GMT+0100,3487.3440000000005,3484.6150000000002,0.02,0.0075
14.04.2021 09:29:21.910 GMT+0100,3487.385,3484,0.02,0.02
14.04.2021 09:29:22.436 GMT+0100,3487.303,3484.451,0.0075,0.0075
14.04.2021 09:29:22.486 GMT+0100,3489.1800000000003,3484.451,0.02,0.02
14.04.2021 09:29:22.536 GMT+0100,3488.467,3483.656,0.02,0.02
14.04.2021 09:29:22.644 GMT+0100,3487.508,3483.7790000000005,0.02,0.02
14.04.2021 09:29:39.503 GMT+0100,3488,3484,0.02,0.02
14.04.2021 09:29:45.490 GMT+0100,3488.303,3484.697,0.02,0.0075
14.04.2021 09:30:14.138 GMT+0100,3489.262,3484.492,0.02,0.02
14.04.2021 09:30:14.569 GMT+0100,3489.508,3485.656,0.02,0.0075
14.04.2021 09:30:14.694 GMT+0100,3489.5490000000004,3486.492,0.02,0.02
14.04.2021 09:33:44.240 GMT+0100,3491.262,3486.7790000000005,0.02,0.02
14.04.2021 09:33:44.469 GMT+0100,3490.385,3487,0.0075,0.02
14.04.2021 09:33:55.554 GMT+0100,3489.262,3486.738,0.02,0.02
14.04.2021 09:34:02.139 GMT+0100,3490.467,3486.6150000000002,0.02,0.02
14.04.2021 09:34:39.256 GMT+0100,3490.3440000000005,3487.82,0.02,0.0075
14.04.2021 09:34:39.307 GMT+0100,3491.508,3487.533,0.02,0.02
14.04.2021 09:34:41.532 GMT+0100,3491.467,3486.82,0.02,0.02
14.04.2021 09:34:49.628 GMT+0100,3490.426,3486.82,0.0075,0.02
14.04.2021 09:35:01.737 GMT+0100,3491.221,3486.6150000000002,0.02,0.02
14.04.2021 09:35:09.782 GMT+0100,3492.508,3487.533,0.02,0.02
14.04.2021 09:35:09.944 GMT+0100,3491.467,3486.5740000000005,0.02,0.02
14.04.2021 09:35:16.488 GMT+0100,3490.426,3486.656,0.0075,0.02
14.04.2021 09:35:17.561 GMT+0100,3491,3486.656,0.02,0.02
14.04.2021 09:35:35.858 GMT+0100,3491.221,3487.6150000000002,0.02,0.0075
14.04.2021 09:36:03.819 GMT+0100,3491.221,3488.492,0.02,0.0075
14.04.2021 09:36:03.920 GMT+0100,3494.303,3489.697,0.02,0.02
14.04.2021 09:36:04.086 GMT+0100,3493.303,3489.451,0.02,0.02
14.04.2021 09:36:05.089 GMT+0100,3493.385,3490.533,0.02,0.0075
14.04.2021 09:36:05.139 GMT+0100,3493.508,3489.533,0.02,0.02
14.04.2021 09:36:06.870 GMT+0100,3494.508,3489.656,0.02,0.02
14.04.2021 09:36:06.920 GMT+0100,3495.5490000000004,3490.697,0.02,0.02
14.04.2021 09:36:16.310 GMT+0100,3494.221,3490.656,0.0075,0.0075
14.04.2021 09:36:16.361 GMT+0100,3494.508,3489.6150000000002,0.02,0.02
14.04.2021 09:36:20.746 GMT+0100,3495.303,3490,0.02,0.02
14.04.2021 09:36:24.069 GMT+0100,3495.426,3490.656,0.02,0.0075
14.04.2021 09:36:27.513 GMT+0100,3495.303,3492,0.02,0.0075
14.04.2021 09:36:50.540 GMT+0100,3494.5490000000004,3492,0.0075,0.0075
14.04.2021 09:36:50.590 GMT+0100,3494.508,3491,0.02,0.02
14.04.2021 09:37:19.452 GMT+0100,3492.467,3490.82,0.0075,0.0075
14.04.2021 09:37:19.502 GMT+0100,3492.262,3488,0.02,0.02
14.04.2021 09:37:19.640 GMT+0100,3492.467,3488.697,0.0075,0.0075
14.04.2021 09:37:19.690 GMT+0100,3493.467,3488.5740000000005,0.02,0.02
14.04.2021 09:37:30.264 GMT+0100,3491.262,3488.451,0.0075,0.0075
14.04.2021 09:37:30.314 GMT+0100,3491.426,3487.492,0.02,0.02
14.04.2021 09:37:30.380 GMT+0100,3492.221,3487.738,0.02,0.02
14.04.2021 09:37:35.848 GMT+0100,3492.3440000000005,3489.6150000000002,0.0075,0.0075
14.04.2021 09:37:35.898 GMT+0100,3494.5490000000004,3489.451,0.02,0.02
14.04.2021 09:37:37.921 GMT+0100,3493.262,3489.697,0.0075,0.0075
14.04.2021 09:37:37.971 GMT+0100,3493.262,3489,0.02,0.02
14.04.2021 09:37:41.088 GMT+0100,3493.221,3489.656,0.02,0.0075
14.04.2021 09:37:43.927 GMT+0100,3493.3440000000005,3490.82,0.02,0.02
14.04.2021 09:37:43.978 GMT+0100,3493.262,3489.82,0.02,0.02
14.04.2021 09:38:02.361 GMT+0100,3493.467,3490.6150000000002,0.02,0.02
14.04.2021 09:38:02.563 GMT+0100,3494.3440000000005,3490.451,0.02,0.02
14.04.2021 09:38:02.613 GMT+0100,3494.262,3491.738,0.02,0.02
14.04.2021 09:38:40.089 GMT+0100,3494.303,3489.492,0.02,0.02
14.04.2021 09:38:40.192 GMT+0100,3493.221,3489.697,0.02,0.02
14.04.2021 09:39:11.492 GMT+0100,3493.467,3490.6150000000002,0.02,0.0075
14.04.2021 09:43:10.774 GMT+0100,3495.303,3490.697,0.02,0.02
14.04.2021 09:43:10.852 GMT+0100,3493.262,3490.82,0.0075,0.02
14.04.2021 09:43:30.654 GMT+0100,3492.303,3490.656,0.0075,0.0075
14.04.2021 09:43:30.705 GMT+0100,3492.1800000000003,3487.7790000000005,0.02,0.02
14.04.2021 09:43:31.576 GMT+0100,3490.5490000000004,3487.492,0.0075,0.02
14.04.2021 09:43:32.094 GMT+0100,3490.5490000000004,3486.82,0.02,0.02
14.04.2021 09:43:48.899 GMT+0100,3489.262,3486.451,0.02,0.02
14.04.2021 09:43:49.027 GMT+0100,3488.262,3486.738,0.02,0.02
14.04.2021 09:44:12.476 GMT+0100,3488.385,3483.738,0.02,0.02
14.04.2021 09:44:13.453 GMT+0100,3488.1800000000003,3485,0.02,0.0075
14.04.2021 09:44:39.834 GMT+0100,3488.1800000000003,3485.5740000000005,0.02,0.02
14.04.2021 09:45:04.143 GMT+0100,3488.467,3484.6150000000002,0.02,0.02
14.04.2021 09:45:07.354 GMT+0100,3486.385,3482.492,0.02,0.02
14.04.2021 09:45:24.117 GMT+0100,3486.262,3483.697,0.02,0.0075
14.04.2021 09:45:48.740 GMT+0100,3485.221,3483.738,0.0075,0.02
14.04.2021 09:45:48.931 GMT+0100,3485.426,3480.6150000000002,0.02,0.02
14.04.2021 09:46:00.377 GMT+0100,3485.3440000000005,3481.7790000000005,0.02,0.0075
14.04.2021 09:46:58.173 GMT+0100,3485.426,3480.533,0.02,0.02
14.04.2021 09:46:59.170 GMT+0100,3484.221,3479.5740000000005,0.02,0.02
14.04.2021 09:46:59.355 GMT+0100,3483.385,3480,0.0075,0.02
14.04.2021 09:47:00.548 GMT+0100,3483.5490000000004,3480.6150000000002,0.02,0.0075
14.04.2021 09:47:00.598 GMT+0100,3483.1800000000003,3480,0.02,0.02
14.04.2021 09:47:20.185 GMT+0100,3483.262,3479,0.02,0.02
14.04.2021 09:47:20.321 GMT+0100,3482,3478.656,0.0075,0.02
14.04.2021 09:47:20.550 GMT+0100,3481.385,3477.7790000000005,0.02,0.02
14.04.2021 09:47:24.362 GMT+0100,3480.385,3476.492,0.02,0.02
14.04.2021 09:47:24.413 GMT+0100,3481.5490000000004,3476.492,0.02,0.02
14.04.2021 09:47:24.463 GMT+0100,3481.221,3477.738,0.02,0.02
14.04.2021 09:47:24.614 GMT+0100,3480.1800000000003,3476.451,0.02,0.02
14.04.2021 09:47:27.735 GMT+0100,3482.508,3478.738,0.02,0.02
14.04.2021 09:47:28.048 GMT+0100,3483.1800000000003,3479.82,0.02,0.02
14.04.2021 09:47:38.140 GMT+0100,3483.508,3478.7790000000005,0.02,0.02
14.04.2021 09:47:38.282 GMT+0100,3483.426,3479.533,0.02,0.0075
14.04.2021 09:47:38.383 GMT+0100,3483.3440000000005,3479,0.02,0.02
14.04.2021 09:47:38.439 GMT+0100,3482.467,3478.738,0.0075,0.02
14.04.2021 09:47:38.540 GMT+0100,3483,3478.7790000000005,0.02,0.02
14.04.2021 09:47:38.590 GMT+0100,3482,3479.533,0.02,0.02
14.04.2021 09:47:38.698 GMT+0100,3482.385,3478.697,0.02,0.02
14.04.2021 09:47:41.072 GMT+0100,3482.467,3479.7790000000005,0.02,0.0075
14.04.2021 09:47:49.458 GMT+0100,3483.385,3479.6150000000002,0.02,0.02
14.04.2021 09:48:12.112 GMT+0100,3482.467,3479.82,0.02,0.02
14.04.2021 09:48:29.359 GMT+0100,3482.467,3477.697,0.02,0.02
14.04.2021 09:48:29.459 GMT+0100,3482.467,3478.6150000000002,0.02,0.02
14.04.2021 09:48:46.900 GMT+0100,3482.3440000000005,3479.82,0.02,0.0075
14.04.2021 09:48:46.951 GMT+0100,3482.385,3478.6150000000002,0.02,0.02
14.04.2021 09:48:50.274 GMT+0100,3482.221,3479.7790000000005,0.02,0.02
14.04.2021 09:48:52.907 GMT+0100,3481.385,3479.7790000000005,0.02,0.02
14.04.2021 09:48:53.199 GMT+0100,3481,3478,0.02,0.02
14.04.2021 09:48:59.816 GMT+0100,3480.426,3477.6150000000002,0.0075,0.02
14.04.2021 09:49:05.102 GMT+0100,3481.1800000000003,3477.7790000000005,0.02,0.02
14.04.2021 09:49:14.129 GMT+0100,3482.3440000000005,3478,0.02,0.02
14.04.2021 09:49:14.240 GMT+0100,3482.221,3478.492,0.02,0.0075
14.04.2021 09:49:15.072 GMT+0100,3481.426,3477.82,0.02,0.02
14.04.2021 09:49:15.566 GMT+0100,3482.467,3478.492,0.02,0.02
14.04.2021 09:49:15.717 GMT+0100,3482.508,3477.451,0.02,0.02
14.04.2021 09:49:16.052 GMT+0100,3481.1800000000003,3477.82,0.02,0.02
14.04.2021 09:49:25.169 GMT+0100,3481.467,3478.82,0.0075,0.0075
14.04.2021 09:49:25.219 GMT+0100,3482,3478.7790000000005,0.02,0.02
14.04.2021 09:49:25.343 GMT+0100,3482.221,3477.7790000000005,0.02,0.02
14.04.2021 09:49:38.160 GMT+0100,3482.5490000000004,3478.656,0.0075,0.0075
14.04.2021 09:49:38.210 GMT+0100,3483.385,3478.656,0.02,0.02
14.04.2021 09:49:49.343 GMT+0100,3483.5490000000004,3479.6150000000002,0.02,0.0075
14.04.2021 09:49:49.554 GMT+0100,3483.385,3478.492,0.02,0.02
14.04.2021 09:49:49.656 GMT+0100,3482.303,3478.738,0.0075,0.0075
14.04.2021 09:49:49.707 GMT+0100,3482.1800000000003,3477.5740000000005,0.02,0.02
14.04.2021 09:49:51.172 GMT+0100,3482.3440000000005,3478.492,0.0075,0.0075
14.04.2021 09:49:51.222 GMT+0100,3483.508,3479,0.02,0.02
14.04.2021 09:49:51.803 GMT+0100,3482,3477.82,0.02,0.02
14.04.2021 09:49:55.180 GMT+0100,3481.5490000000004,3477.697,0.0075,0.02
14.04.2021 09:49:56.226 GMT+0100,3482.467,3477.697,0.02,0.02
14.04.2021 09:50:14.159 GMT+0100,3482.1800000000003,3478.82,0.02,0.0075
14.04.2021 09:50:39.988 GMT+0100,3483.262,3478.82,0.02,0.02
14.04.2021 09:50:40.039 GMT+0100,3482.1800000000003,3478.738,0.02,0.02
14.04.2021 09:52:01.765 GMT+0100,3481.221,3478.6150000000002,0.0075,0.0075
14.04.2021 09:52:01.815 GMT+0100,3481.426,3477.492,0.02,0.02
14.04.2021 09:52:04.973 GMT+0100,3480,3477.451,0.0075,0.02
14.04.2021 09:52:07.870 GMT+0100,3481.385,3477.5740000000005,0.02,0.02
14.04.2021 09:52:30.605 GMT+0100,3479.426,3475.82,0.02,0.02
14.04.2021 09:52:30.978 GMT+0100,3478,3475.656,0.0075,0.02
14.04.2021 09:52:31.570 GMT+0100,3478.303,3475,0.02,0.02
14.04.2021 09:52:31.679 GMT+0100,3478.385,3476,0.02,0.02
14.04.2021 09:52:36.127 GMT+0100,3478.5490000000004,3474.6150000000002,0.02,0.02
14.04.2021 09:54:28.777 GMT+0100,3478.221,3475.738,0.0075,0.0075
14.04.2021 09:54:28.827 GMT+0100,3479,3475.492,0.02,0.02
14.04.2021 09:54:30.778 GMT+0100,3479.3440000000005,3474.451,0.02,0.02
14.04.2021 09:54:32.482 GMT+0100,3479.5490000000004,3475.697,0.02,0.0075
14.04.2021 09:55:05.313 GMT+0100,3479.508,3476.656,0.02,0.02
14.04.2021 09:55:11.441 GMT+0100,3478.1800000000003,3477,0.0075,0.02
14.04.2021 09:55:12.119 GMT+0100,3478.5490000000004,3474.5740000000005,0.02,0.02
14.04.2021 09:55:12.174 GMT+0100,3477.1800000000003,3475,0.0075,0.02
14.04.2021 09:56:07.468 GMT+0100,3477.508,3475.738,0.0075,0.0075
14.04.2021 09:56:07.519 GMT+0100,3479.508,3475.5740000000005,0.02,0.02
14.04.2021 09:56:09.318 GMT+0100,3478.3440000000005,3475.738,0.0075,0.02
14.04.2021 09:56:10.551 GMT+0100,3479.426,3475.451,0.02,0.02
14.04.2021 09:57:27.688 GMT+0100,3479.262,3476.656,0.02,0.02
14.04.2021 09:57:27.807 GMT+0100,3479.426,3475.492,0.02,0.02
14.04.2021 09:57:27.857 GMT+0100,3478.3440000000005,3475.656,0.02,0.02
14.04.2021 09:57:28.173 GMT+0100,3477.5490000000004,3475.82,0.02,0.02
14.04.2021 09:57:35.436 GMT+0100,3477.5490000000004,3474.656,0.02,0.02
14.04.2021 09:57:38.022 GMT+0100,3477.3440000000005,3474,0.02,0.02
14.04.2021 09:57:39.311 GMT+0100,3477.5490000000004,3474.5740000000005,0.02,0.0075
14.04.2021 09:58:35.396 GMT+0100,3475.3440000000005,3472.697,0.02,0.02
14.04.2021 09:58:35.604 GMT+0100,3476.303,3472.697,0.02,0.02
14.04.2021 09:58:53.677 GMT+0100,3475.385,3472.5740000000005,0.02,0.02
14.04.2021 09:58:54.627 GMT+0100,3477.5490000000004,3473.451,0.02,0.02
14.04.2021 09:58:55.102 GMT+0100,3477.467,3472.451,0.02,0.02
14.04.2021 09:59:03.867 GMT+0100,3476.385,3472.656,0.0075,0.02
14.04.2021 09:59:25.548 GMT+0100,3476.5490000000004,3473.6150000000002,0.02,0.0075
14.04.2021 10:01:08.921 GMT+0100,3475.303,3472.7790000000005,0.02,0.02
14.04.2021 10:02:12.806 GMT+0100,3475.3440000000005,3471.451,0.02,0.02
14.04.2021 10:02:17.721 GMT+0100,3477.467,3472.656,0.02,0.02
14.04.2021 10:02:17.821 GMT+0100,3477.467,3473.6150000000002,0.02,0.02
14.04.2021 10:02:17.924 GMT+0100,3476.5490000000004,3473.738,0.02,0.02
14.04.2021 10:02:18.291 GMT+0100,3477.262,3474,0.02,0.02
14.04.2021 10:03:01.335 GMT+0100,3479.508,3474.451,0.02,0.02
14.04.2021 10:03:03.080 GMT+0100,3478.5490000000004,3474.533,0.0075,0.02
14.04.2021 10:03:04.041 GMT+0100,3479.385,3474.492,0.02,0.02
14.04.2021 10:03:04.534 GMT+0100,3479.221,3475.6150000000002,0.02,0.02
14.04.2021 10:03:49.036 GMT+0100,3478.303,3475.7790000000005,0.0075,0.02
14.04.2021 10:03:55.336 GMT+0100,3477.3440000000005,3473.738,0.02,0.02
14.04.2021 10:03:57.166 GMT+0100,3484.1800000000003,3479.492,0.02,0.02
14.04.2021 10:03:57.299 GMT+0100,3484.385,3478.6150000000002,0.02,0.02
14.04.2021 10:03:57.707 GMT+0100,3484.508,3479.533,0.02,0.02
14.04.2021 10:03:59.341 GMT+0100,3484.467,3480.5740000000005,0.02,0.0075
14.04.2021 10:03:59.784 GMT+0100,3484.221,3479.6150000000002,0.02,0.02
14.04.2021 10:04:28.177 GMT+0100,3483.1800000000003,3479.5740000000005,0.02,0.02
14.04.2021 10:04:28.344 GMT+0100,3485.426,3481,0.02,0.02
14.04.2021 10:04:31.719 GMT+0100,3485.467,3482.82,0.02,0.02
14.04.2021 10:04:57.527 GMT+0100,3486.426,3482.656,0.02,0.02
14.04.2021 10:04:57.882 GMT+0100,3487.3440000000005,3482.451,0.02,0.02
14.04.2021 10:05:12.504 GMT+0100,3488.467,3482.656,0.02,0.02
14.04.2021 10:05:32.164 GMT+0100,3487.508,3482.6150000000002,0.02,0.02
14.04.2021 10:05:56.601 GMT+0100,3488.262,3482.492,0.02,0.02
14.04.2021 10:06:08.092 GMT+0100,3488,3484,0.02,0.0075
14.04.2021 10:06:26.291 GMT+0100,3488.426,3482.738,0.02,0.02
14.04.2021 10:06:26.341 GMT+0100,3487.1800000000003,3482.6150000000002,0.02,0.02
14.04.2021 10:06:29.126 GMT+0100,3488.262,3482.533,0.02,0.02
14.04.2021 10:06:32.346 GMT+0100,3487.426,3482.492,0.02,0.02
14.04.2021 10:06:32.465 GMT+0100,3486.5490000000004,3482.5740000000005,0.02,0.02
14.04.2021 10:06:32.516 GMT+0100,3487.1800000000003,3482.738,0.02,0.02
14.04.2021 10:06:34.682 GMT+0100,3486.262,3482.82,0.02,0.02
14.04.2021 10:07:19.358 GMT+0100,3487.426,3482.738,0.02,0.02
14.04.2021 10:07:35.358 GMT+0100,3486.385,3482.82,0.0075,0.02
14.04.2021 10:08:00.690 GMT+0100,3487.467,3482.82,0.02,0.02
14.04.2021 10:08:04.483 GMT+0100,3486.1800000000003,3482.451,0.02,0.02
14.04.2021 10:09:53.753 GMT+0100,3485,3482.738,0.0075,0.0075
14.04.2021 10:09:53.803 GMT+0100,3486.3440000000005,3481.451,0.02,0.02
14.04.2021 10:09:53.854 GMT+0100,3483.3440000000005,3481.533,0.02,0.02
14.04.2021 10:10:12.361 GMT+0100,3482.385,3481.697,0.0075,0.0075
14.04.2021 10:10:12.412 GMT+0100,3482,3480,0.02,0.02
14.04.2021 10:10:13.004 GMT+0100,3484.3440000000005,3479.492,0.02,0.02
14.04.2021 10:10:14.648 GMT+0100,3483.385,3479.656,0.0075,0.02
14.04.2021 10:10:14.699 GMT+0100,3483.508,3478.6150000000002,0.02,0.02
14.04.2021 10:10:15.836 GMT+0100,3483.262,3479.7790000000005,0.02,0.0075
14.04.2021 10:10:15.937 GMT+0100,3484,3479.656,0.02,0.02
14.04.2021 10:10:16.644 GMT+0100,3483.1800000000003,3479.492,0.0075,0.02
14.04.2021 10:10:17.700 GMT+0100,3483.3440000000005,3480.5740000000005,0.02,0.02
14.04.2021 10:10:17.879 GMT+0100,3483.303,3479.656,0.02,0.02
14.04.2021 10:10:34.272 GMT+0100,3482.1800000000003,3478.656,0.02,0.02
14.04.2021 10:10:39.384 GMT+0100,3482,3479.5740000000005,0.02,0.0075
14.04.2021 10:11:03.890 GMT+0100,3483.508,3479.6150000000002,0.02,0.02
14.04.2021 10:11:21.561 GMT+0100,3483.303,3480.7790000000005,0.02,0.0075
14.04.2021 10:11:21.661 GMT+0100,3484.303,3481,0.02,0.02
14.04.2021 10:11:27.293 GMT+0100,3484,3479.5740000000005,0.02,0.02
14.04.2021 10:11:27.368 GMT+0100,3483.221,3479.7790000000005,0.0075,0.02
14.04.2021 10:11:29.058 GMT+0100,3482.467,3479.697,0.0075,0.02
14.04.2021 10:12:05.938 GMT+0100,3483,3479.697,0.02,0.02
14.04.2021 10:12:06.248 GMT+0100,3485.1800000000003,3481,0.02,0.02
14.04.2021 10:12:06.333 GMT+0100,3484.5490000000004,3480.6150000000002,0.0075,0.02
14.04.2021 10:12:06.384 GMT+0100,3484.508,3479.738,0.02,0.02
14.04.2021 10:12:31.056 GMT+0100,3484.5490000000004,3480.5740000000005,0.02,0.0075
14.04.2021 10:12:35.147 GMT+0100,3485.3440000000005,3481.7790000000005,0.02,0.02
14.04.2021 10:13:04.946 GMT+0100,3485.426,3480.451,0.02,0.02
14.04.2021 10:13:05.047 GMT+0100,3485.508,3482,0.02,0.02
14.04.2021 10:13:05.176 GMT+0100,3484.508,3480.5740000000005,0.02,0.02
14.04.2021 10:13:09.726 GMT+0100,3483.385,3480.82,0.02,0.02
14.04.2021 10:13:10.819 GMT+0100,3484.467,3480.533,0.02,0.02
14.04.2021 10:13:49.426 GMT+0100,3485.1800000000003,3480.5740000000005,0.02,0.02
14.04.2021 10:13:50.308 GMT+0100,3484.303,3480.697,0.0075,0.02
14.04.2021 10:13:57.053 GMT+0100,3483.467,3478.5740000000005,0.02,0.02
14.04.2021 10:13:57.296 GMT+0100,3483.221,3479.82,0.02,0.0075
14.04.2021 10:13:57.448 GMT+0100,3484.262,3480.7790000000005,0.02,0.0075
14.04.2021 10:13:57.498 GMT+0100,3484.5490000000004,3479.738,0.02,0.02
14.04.2021 10:14:04.148 GMT+0100,3483.508,3479.656,0.0075,0.0075
14.04.2021 10:14:04.199 GMT+0100,3483.5490000000004,3478.697,0.02,0.02
14.04.2021 10:14:04.249 GMT+0100,3482.1800000000003,3478.533,0.02,0.02
14.04.2021 10:14:12.942 GMT+0100,3485.1800000000003,3480.656,0.02,0.02
14.04.2021 10:14:13.043 GMT+0100,3484.426,3479.451,0.02,0.02
14.04.2021 10:14:58.814 GMT+0100,3483.262,3479.451,0.0075,0.0075
14.04.2021 10:14:58.864 GMT+0100,3483.3440000000005,3478.656,0.02,0.02
14.04.2021 10:14:59.580 GMT+0100,3482.5490000000004,3478.6150000000002,0.0075,0.02
14.04.2021 10:14:59.681 GMT+0100,3483.3440000000005,3478.6150000000002,0.02,0.02
14.04.2021 10:15:05.142 GMT+0100,3483.3440000000005,3480.82,0.0075,0.0075
14.04.2021 10:15:05.193 GMT+0100,3485.5490000000004,3480.738,0.02,0.02
14.04.2021 10:15:05.243 GMT+0100,3484.1800000000003,3479.451,0.02,0.02
14.04.2021 10:15:06.161 GMT+0100,3483.5490000000004,3479.492,0.0075,0.02
14.04.2021 10:15:12.186 GMT+0100,3484.221,3479.451,0.02,0.02
14.04.2021 10:15:19.853 GMT+0100,3485.1800000000003,3480.5740000000005,0.02,0.02
14.04.2021 10:15:22.674 GMT+0100,3484.1800000000003,3480.7790000000005,0.02,0.0075
14.04.2021 10:15:22.890 GMT+0100,3484.467,3479.697,0.02,0.02
14.04.2021 10:15:28.400 GMT+0100,3484.5490000000004,3480.533,0.0075,0.0075
14.04.2021 10:15:28.558 GMT+0100,3484.3440000000005,3479.738,0.02,0.02
14.04.2021 10:15:31.366 GMT+0100,3485.508,3480.5740000000005,0.02,0.02
14.04.2021 10:15:31.478 GMT+0100,3484.508,3479.492,0.02,0.02
14.04.2021 10:15:35.033 GMT+0100,3484.508,3481.738,0.0075,0.0075
14.04.2021 10:15:35.083 GMT+0100,3485.1800000000003,3481.533,0.02,0.02
14.04.2021 10:15:35.134 GMT+0100,3485,3480.533,0.02,0.02
14.04.2021 10:15:40.870 GMT+0100,3484.262,3480.451,0.0075,0.0075
14.04.2021 10:15:40.920 GMT+0100,3484.221,3479.5740000000005,0.02,0.02
14.04.2021 10:15:55.534 GMT+0100,3484.5490000000004,3480.7790000000005,0.0075,0.0075
14.04.2021 10:15:55.585 GMT+0100,3485.262,3480.738,0.02,0.02
14.04.2021 10:16:33.670 GMT+0100,3484,3480.738,0.0075,0.02
14.04.2021 10:16:40.448 GMT+0100,3485.385,3480.738,0.02,0.02
14.04.2021 10:16:40.518 GMT+0100,3484.3440000000005,3480.533,0.02,0.02
14.04.2021 10:16:41.580 GMT+0100,3485.221,3480.656,0.02,0.02
14.04.2021 10:16:48.940 GMT+0100,3484.467,3480.533,0.0075,0.02
14.04.2021 10:16:52.715 GMT+0100,3485,3480.5740000000005,0.02,0.02
14.04.2021 10:17:10.912 GMT+0100,3484.303,3480.6150000000002,0.02,0.02
14.04.2021 10:17:11.139 GMT+0100,3485.467,3480.451,0.02,0.02
14.04.2021 10:17:20.881 GMT+0100,3484.385,3480.738,0.0075,0.02
14.04.2021 10:17:23.739 GMT+0100,3485.3440000000005,3480.6150000000002,0.02,0.02
14.04.2021 10:17:23.790 GMT+0100,3484.385,3480.697,0.02,0.02
14.04.2021 10:17:23.902 GMT+0100,3485.221,3481,0.02,0.02
14.04.2021 10:18:11.245 GMT+0100,3484.3440000000005,3480.82,0.0075,0.0075
14.04.2021 10:18:11.295 GMT+0100,3484.426,3479.5740000000005,0.02,0.02
14.04.2021 10:18:13.998 GMT+0100,3484.1800000000003,3480.533,0.02,0.02
14.04.2021 10:18:14.056 GMT+0100,3485.467,3480.656,0.02,0.02
14.04.2021 10:18:15.091 GMT+0100,3484.3440000000005,3480.82,0.0075,0.02
14.04.2021 10:18:18.002 GMT+0100,3485.3440000000005,3480.697,0.02,0.02
14.04.2021 10:18:18.745 GMT+0100,3484.508,3480.697,0.0075,0.02
14.04.2021 10:18:48.257 GMT+0100,3485.467,3481.6150000000002,0.02,0.02
14.04.2021 10:18:48.444 GMT+0100,3484.262,3481.533,0.0075,0.0075
14.04.2021 10:18:48.494 GMT+0100,3485.262,3481.5740000000005,0.02,0.02
14.04.2021 10:18:50.385 GMT+0100,3485.426,3480.738,0.02,0.02
14.04.2021 10:18:50.441 GMT+0100,3484.426,3480.492,0.02,0.02
14.04.2021 10:18:59.077 GMT+0100,3485.5490000000004,3481.697,0.02,0.02
14.04.2021 10:18:59.286 GMT+0100,3485.5490000000004,3480.451,0.02,0.02
14.04.2021 10:19:04.790 GMT+0100,3489.1800000000003,3485.6150000000002,0.02,0.02
14.04.2021 10:19:05.069 GMT+0100,3488.1800000000003,3485.82,0.0075,0.02
14.04.2021 10:19:05.190 GMT+0100,3489.221,3485.697,0.02,0.02
14.04.2021 10:20:10.547 GMT+0100,3489.467,3484.5740000000005,0.02,0.02
14.04.2021 10:20:11.449 GMT+0100,3489.1800000000003,3485.533,0.0075,0.0075
14.04.2021 10:20:11.500 GMT+0100,3490.5490000000004,3485.738,0.02,0.02
14.04.2021 10:20:16.300 GMT+0100,3490,3486.533,0.0075,0.0075
14.04.2021 10:20:16.351 GMT+0100,3491,3486.697,0.02,0.02
14.04.2021 10:20:17.223 GMT+0100,3491.262,3487.451,0.0075,0.0075
14.04.2021 10:20:17.274 GMT+0100,3492,3487.6150000000002,0.02,0.02
14.04.2021 10:20:17.324 GMT+0100,3492.426,3488.451,0.02,0.02
14.04.2021 10:20:19.585 GMT+0100,3492.1800000000003,3487.697,0.02,0.02
14.04.2021 10:20:40.937 GMT+0100,3491.426,3486.6150000000002,0.02,0.02
14.04.2021 10:20:43.027 GMT+0100,3492.303,3486.6150000000002,0.02,0.02
14.04.2021 10:20:43.550 GMT+0100,3492.221,3487.5740000000005,0.02,0.0075
14.04.2021 10:20:58.435 GMT+0100,3492.3440000000005,3486.697,0.02,0.02
14.04.2021 10:21:01.787 GMT+0100,3492.426,3487.6150000000002,0.02,0.02
14.04.2021 10:21:04.550 GMT+0100,3492.508,3486.82,0.02,0.02
14.04.2021 10:21:14.973 GMT+0100,3491.303,3486.5740000000005,0.02,0.02
14.04.2021 10:21:15.232 GMT+0100,3492.262,3486.7790000000005,0.02,0.02
14.04.2021 10:21:31.671 GMT+0100,3492.262,3487.492,0.02,0.0075
14.04.2021 10:21:31.771 GMT+0100,3492.508,3486.7790000000005,0.02,0.02
14.04.2021 10:21:33.785 GMT+0100,3491.1800000000003,3487,0.0075,0.02
14.04.2021 10:21:53.169 GMT+0100,3491.5490000000004,3487.697,0.0075,0.0075
14.04.2021 10:21:53.219 GMT+0100,3492.221,3487.5740000000005,0.02,0.02
14.04.2021 10:21:54.996 GMT+0100,3492.1800000000003,3486.6150000000002,0.02,0.02
14.04.2021 10:21:56.410 GMT+0100,3492.262,3487.656,0.02,0.02
14.04.2021 10:21:58.561 GMT+0100,3492.467,3486.533,0.02,0.02
14.04.2021 10:21:58.898 GMT+0100,3491.3440000000005,3486.738,0.0075,0.02
14.04.2021 10:22:27.932 GMT+0100,3491.508,3487.6150000000002,0.02,0.02
14.04.2021 10:22:27.982 GMT+0100,3492.5490000000004,3487.656,0.02,0.02
14.04.2021 10:23:02.482 GMT+0100,3491.221,3487.82,0.0075,0.0075
14.04.2021 10:23:02.532 GMT+0100,3491.1800000000003,3487,0.02,0.02
14.04.2021 10:23:22.672 GMT+0100,3492,3487.533,0.02,0.02
14.04.2021 10:23:49.333 GMT+0100,3492.467,3488.492,0.02,0.02
14.04.2021 10:23:50.657 GMT+0100,3492.262,3487.7790000000005,0.02,0.02
14.04.2021 10:23:50.708 GMT+0100,3491.467,3487,0.02,0.02
14.04.2021 10:23:50.920 GMT+0100,3492.221,3487.492,0.02,0.02
14.04.2021 10:23:58.472 GMT+0100,3491.508,3487.5740000000005,0.0075,0.0075
14.04.2021 10:23:58.523 GMT+0100,3491.1800000000003,3486.82,0.02,0.02
14.04.2021 10:23:58.576 GMT+0100,3491.467,3487.697,0.0075,0.0075
14.04.2021 10:23:58.627 GMT+0100,3492.508,3487.7790000000005,0.02,0.02
14.04.2021 10:24:09.221 GMT+0100,3492.5490000000004,3488.533,0.02,0.02
14.04.2021 10:24:09.355 GMT+0100,3491.221,3486.6150000000002,0.02,0.02
14.04.2021 10:24:09.522 GMT+0100,3491.467,3487.738,0.02,0.0075
14.04.2021 10:24:10.069 GMT+0100,3491.467,3486.5740000000005,0.02,0.02
14.04.2021 10:24:36.561 GMT+0100,3491.385,3487.451,0.02,0.0075
14.04.2021 10:24:42.104 GMT+0100,3491,3486.697,0.02,0.02
14.04.2021 10:25:11.777 GMT+0100,3491.385,3487.82,0.02,0.02
14.04.2021 10:25:31.092 GMT+0100,3491.508,3486.6150000000002,0.02,0.02
14.04.2021 10:26:25.812 GMT+0100,3491.5490000000004,3487.451,0.02,0.0075
14.04.2021 10:26:49.309 GMT+0100,3491.221,3486.6150000000002,0.02,0.02
14.04.2021 10:26:50.269 GMT+0100,3491.5490000000004,3487.5740000000005,0.02,0.0075
14.04.2021 10:26:50.523 GMT+0100,3491.508,3486.6150000000002,0.02,0.02
14.04.2021 10:27:05.052 GMT+0100,3491.1800000000003,3488,0.02,0.0075
14.04.2021 10:28:30.913 GMT+0100,3492.262,3487.82,0.02,0.02
14.04.2021 10:28:31.326 GMT+0100,3491.262,3487.738,0.0075,0.02
14.04.2021 10:28:38.393 GMT+0100,3490.3440000000005,3487.82,0.0075,0.02
14.04.2021 10:28:41.353 GMT+0100,3489.303,3487.5740000000005,0.0075,0.0075
14.04.2021 10:28:41.403 GMT+0100,3489.303,3484.656,0.02,0.02
14.04.2021 10:28:41.453 GMT+0100,3490.385,3485.492,0.02,0.02
14.04.2021 10:28:41.561 GMT+0100,3489.3440000000005,3485.82,0.0075,0.0075
14.04.2021 10:28:41.611 GMT+0100,3489.303,3484.492,0.02,0.02
14.04.2021 10:28:48.008 GMT+0100,3489.467,3485.697,0.02,0.0075
14.04.2021 10:28:58.308 GMT+0100,3490.508,3485.7790000000005,0.02,0.02
14.04.2021 10:28:58.359 GMT+0100,3490.385,3486.7790000000005,0.02,0.02
14.04.2021 10:28:58.409 GMT+0100,3490,3485.451,0.02,0.02
14.04.2021 10:29:00.294 GMT+0100,3489.1800000000003,3485.7790000000005,0.02,0.02
14.04.2021 10:29:00.345 GMT+0100,3489.1800000000003,3484.82,0.02,0.02
14.04.2021 10:29:00.395 GMT+0100,3489.262,3485.533,0.02,0.02
14.04.2021 10:29:40.050 GMT+0100,3489.426,3486.533,0.02,0.0075
14.04.2021 10:29:40.151 GMT+0100,3490.426,3487.6150000000002,0.02,0.02
14.04.2021 10:29:40.201 GMT+0100,3490.508,3485.5740000000005,0.02,0.02
14.04.2021 10:29:40.279 GMT+0100,3490.467,3486.451,0.02,0.0075
14.04.2021 10:32:21.282 GMT+0100,3489.5490000000004,3486.7790000000005,0.02,0.02
14.04.2021 10:32:21.425 GMT+0100,3490.467,3486.656,0.02,0.02
14.04.2021 10:33:04.510 GMT+0100,3490.1800000000003,3487.5740000000005,0.02,0.0075
14.04.2021 10:33:04.777 GMT+0100,3490.221,3486.738,0.02,0.02
14.04.2021 10:33:05.324 GMT+0100,3490.221,3487.697,0.02,0.0075
14.04.2021 10:33:42.807 GMT+0100,3494.5490000000004,3489.82,0.02,0.02
14.04.2021 10:33:42.857 GMT+0100,3494.5490000000004,3490.6150000000002,0.02,0.02
14.04.2021 10:33:42.907 GMT+0100,3496.221,3491.82,0.02,0.02
14.04.2021 10:33:43.040 GMT+0100,3496.303,3492.7790000000005,0.0075,0.0075
14.04.2021 10:33:43.091 GMT+0100,3497.3440000000005,3492.697,0.02,0.02
14.04.2021 10:33:43.427 GMT+0100,3495.303,3492.82,0.0075,0.02
14.04.2021 10:33:43.528 GMT+0100,3495.262,3491.492,0.02,0.02
14.04.2021 10:33:54.344 GMT+0100,3495.426,3492.656,0.02,0.0075
14.04.2021 10:33:54.445 GMT+0100,3497.303,3492.533,0.02,0.02
14.04.2021 10:33:56.469 GMT+0100,3496.426,3492.7790000000005,0.0075,0.02
14.04.2021 10:33:57.817 GMT+0100,3497.508,3492.451,0.02,0.02
14.04.2021 10:34:26.257 GMT+0100,3496,3492.82,0.0075,0.02
14.04.2021 10:35:33.065 GMT+0100,3496.467,3491.7790000000005,0.02,0.02
14.04.2021 10:35:33.115 GMT+0100,3494.3440000000005,3489.697,0.02,0.02
14.04.2021 10:35:38.383 GMT+0100,3495.5490000000004,3490.451,0.02,0.02
14.04.2021 10:35:42.016 GMT+0100,3495.3440000000005,3489.451,0.02,0.02
14.04.2021 10:35:45.308 GMT+0100,3495.3440000000005,3490.697,0.02,0.0075
14.04.2021 10:36:10.940 GMT+0100,3494.385,3490.697,0.0075,0.02
14.04.2021 10:37:34.138 GMT+0100,3495.426,3490.738,0.02,0.02
14.04.2021 10:37:35.261 GMT+0100,3495.1800000000003,3492.697,0.0075,0.0075
14.04.2021 10:37:35.362 GMT+0100,3497,3493.6150000000002,0.02,0.02
14.04.2021 10:37:35.412 GMT+0100,3496.508,3493.533,0.02,0.02
14.04.2021 10:37:35.513 GMT+0100,3497,3494,0.02,0.02
14.04.2021 10:37:41.455 GMT+0100,3497.5490000000004,3494.738,0.02,0.02
14.04.2021 10:40:35.685 GMT+0100,3496.508,3494.656,0.0075,0.0075
14.04.2021 10:40:35.735 GMT+0100,3496.3440000000005,3493.82,0.02,0.02
14.04.2021 10:40:35.890 GMT+0100,3497,3493.5740000000005,0.02,0.02
14.04.2021 10:40:56.257 GMT+0100,3497.262,3495,0.02,0.0075
14.04.2021 10:40:56.382 GMT+0100,3497.262,3493.5740000000005,0.02,0.02
14.04.2021 10:41:44.160 GMT+0100,3496.467,3493.533,0.0075,0.02
14.04.2021 10:42:34.460 GMT+0100,3496.3440000000005,3494.6150000000002,0.0075,0.0075
14.04.2021 10:42:34.511 GMT+0100,3497.5490000000004,3494.5740000000005,0.02,0.02
14.04.2021 10:42:36.436 GMT+0100,3497.1800000000003,3493.451,0.02,0.02
14.04.2021 10:43:13.304 GMT+0100,3496.508,3493.6150000000002,0.0075,0.02
14.04.2021 10:43:15.445 GMT+0100,3497.303,3493.533,0.02,0.02
14.04.2021 10:45:49.268 GMT+0100,3497.5490000000004,3494.5740000000005,0.0075,0.0075
14.04.2021 10:45:49.319 GMT+0100,3499.508,3494.738,0.02,0.02
14.04.2021 10:45:49.369 GMT+0100,3500.1800000000003,3495.697,0.02,0.02
14.04.2021 10:45:50.040 GMT+0100,3500.426,3496.451,0.02,0.0075
14.04.2021 10:46:00.361 GMT+0100,3501.426,3497.533,0.02,0.02
14.04.2021 10:46:02.306 GMT+0100,3500.5490000000004,3497.738,0.0075,0.02
14.04.2021 10:46:05.848 GMT+0100,3499.221,3496.7790000000005,0.02,0.02
14.04.2021 10:46:07.647 GMT+0100,3500.467,3496.492,0.02,0.02
14.04.2021 10:46:08.572 GMT+0100,3499,3496.451,0.0075,0.02
14.04.2021 10:46:09.601 GMT+0100,3500.5490000000004,3496.6150000000002,0.02,0.02
14.04.2021 10:47:42.412 GMT+0100,3501.467,3496.492,0.02,0.02
14.04.2021 10:47:42.470 GMT+0100,3500.508,3496.7790000000005,0.0075,0.02
14.04.2021 10:47:47.339 GMT+0100,3499.5490000000004,3496.533,0.02,0.02
14.04.2021 10:47:48.836 GMT+0100,3498.467,3495.738,0.02,0.02
14.04.2021 10:47:49.027 GMT+0100,3497,3495.697,0.02,0.02
14.04.2021 10:48:05.290 GMT+0100,3499.5490000000004,3495.492,0.02,0.02
14.04.2021 10:48:25.453 GMT+0100,3499.467,3496.7790000000005,0.02,0.0075
14.04.2021 10:48:50.572 GMT+0100,3499.508,3495.82,0.02,0.02
14.04.2021 10:49:53.017 GMT+0100,3501.508,3496.533,0.02,0.02
14.04.2021 10:49:53.067 GMT+0100,3499.508,3496.451,0.02,0.02
14.04.2021 10:49:54.130 GMT+0100,3499.221,3495.533,0.02,0.02
14.04.2021 10:49:54.236 GMT+0100,3498.1800000000003,3495.7790000000005,0.0075,0.02
14.04.2021 10:51:53.130 GMT+0100,3499.3440000000005,3495.738,0.02,0.02
14.04.2021 10:54:03.969 GMT+0100,3500.467,3496.738,0.02,0.02
14.04.2021 10:54:27.988 GMT+0100,3500.426,3497.451,0.02,0.02
14.04.2021 10:55:40.872 GMT+0100,3499.3440000000005,3497.451,0.0075,0.0075
14.04.2021 10:55:40.923 GMT+0100,3499.5490000000004,3496.82,0.02,0.02
14.04.2021 10:55:41.038 GMT+0100,3500.426,3496.697,0.02,0.02
14.04.2021 10:55:51.522 GMT+0100,3499.426,3496.533,0.0075,0.02
14.04.2021 10:55:59.903 GMT+0100,3499.221,3497.6150000000002,0.0075,0.0075
14.04.2021 10:55:59.953 GMT+0100,3500.426,3497.697,0.02,0.02
14.04.2021 10:56:00.055 GMT+0100,3500.508,3497,0.02,0.02
14.04.2021 10:56:27.155 GMT+0100,3499.426,3496.533,0.0075,0.02
14.04.2021 10:58:21.762 GMT+0100,3500.262,3496.697,0.02,0.02
14.04.2021 10:58:29.140 GMT+0100,3499.1800000000003,3496.6150000000002,0.0075,0.02
14.04.2021 10:58:29.690 GMT+0100,3500.303,3496.7790000000005,0.02,0.02
14.04.2021 10:58:30.139 GMT+0100,3499.426,3496.738,0.02,0.02
14.04.2021 10:58:31.903 GMT+0100,3500.5490000000004,3496.533,0.02,0.02
14.04.2021 10:58:35.384 GMT+0100,3500.467,3497.656,0.02,0.02
14.04.2021 10:58:35.495 GMT+0100,3500.426,3496.656,0.02,0.02
14.04.2021 10:59:06.526 GMT+0100,3501.262,3497.492,0.02,0.02
14.04.2021 10:59:06.909 GMT+0100,3501.1800000000003,3499.533,0.0075,0.0075
14.04.2021 10:59:06.959 GMT+0100,3503.1800000000003,3499.492,0.02,0.02
14.04.2021 10:59:07.193 GMT+0100,3501.5490000000004,3499.492,0.0075,0.02
14.04.2021 10:59:07.639 GMT+0100,3502.221,3500,0.02,0.02
14.04.2021 10:59:07.899 GMT+0100,3503.221,3499.82,0.02,0.02
14.04.2021 10:59:10.577 GMT+0100,3501.508,3498,0.02,0.02
14.04.2021 10:59:10.686 GMT+0100,3499.221,3496.451,0.02,0.02
14.04.2021 10:59:10.737 GMT+0100,3500.508,3496.697,0.02,0.02
14.04.2021 10:59:10.856 GMT+0100,3499.508,3496.82,0.0075,0.02
14.04.2021 10:59:10.906 GMT+0100,3500,3496.533,0.02,0.02
14.04.2021 10:59:10.957 GMT+0100,3498.467,3496.533,0.02,0.02
14.04.2021 10:59:42.116 GMT+0100,3500.508,3496.697,0.02,0.02
14.04.2021 10:59:42.166 GMT+0100,3499.3440000000005,3496.451,0.02,0.02
14.04.2021 10:59:44.518 GMT+0100,3500.221,3497.697,0.02,0.02
14.04.2021 10:59:44.618 GMT+0100,3500.221,3496.82,0.02,0.02
14.04.2021 11:00:05.614 GMT+0100,3500.467,3495.656,0.02,0.02
14.04.2021 11:00:05.714 GMT+0100,3499.5490000000004,3495.738,0.02,0.02
14.04.2021 11:00:11.531 GMT+0100,3499.426,3496.656,0.02,0.0075
14.04.2021 11:00:11.686 GMT+0100,3500.508,3496.492,0.02,0.02
14.04.2021 11:01:54.252 GMT+0100,3499.3440000000005,3496.7790000000005,0.0075,0.02
14.04.2021 11:02:21.984 GMT+0100,3500.385,3496.697,0.02,0.02
14.04.2021 11:02:26.848 GMT+0100,3500.303,3497.492,0.02,0.0075
14.04.2021 11:04:09.198 GMT+0100,3499.467,3497.451,0.02,0.02
14.04.2021 11:04:09.355 GMT+0100,3499.1800000000003,3496.697,0.02,0.02
14.04.2021 11:04:09.406 GMT+0100,3499.3440000000005,3495.492,0.02,0.02
14.04.2021 11:04:15.075 GMT+0100,3498.3440000000005,3495.492,0.0075,0.0075
14.04.2021 11:04:15.125 GMT+0100,3498.5490000000004,3494.492,0.02,0.02
14.04.2021 11:04:15.176 GMT+0100,3499.508,3494.6150000000002,0.02,0.02
14.04.2021 11:04:15.318 GMT+0100,3498.508,3494.5740000000005,0.0075,0.02
14.04.2021 11:04:15.566 GMT+0100,3499.3440000000005,3495,0.02,0.02
14.04.2021 11:04:18.123 GMT+0100,3499,3495.5740000000005,0.02,0.0075
14.04.2021 11:04:19.140 GMT+0100,3499.467,3494.451,0.02,0.02
14.04.2021 11:04:20.737 GMT+0100,3499.385,3495.82,0.02,0.0075
14.04.2021 11:04:23.856 GMT+0100,3499.385,3497.451,0.0075,0.0075
14.04.2021 11:04:23.907 GMT+0100,3500,3497.492,0.02,0.02
14.04.2021 11:04:25.312 GMT+0100,3501.426,3497.533,0.02,0.02
14.04.2021 11:04:43.972 GMT+0100,3501.5490000000004,3498.738,0.02,0.02
14.04.2021 11:05:06.563 GMT+0100,3502,3498.738,0.02,0.02
14.04.2021 11:05:06.664 GMT+0100,3502.467,3498,0.02,0.02
14.04.2021 11:05:07.530 GMT+0100,3501.1800000000003,3497.492,0.0075,0.02
14.04.2021 11:05:08.609 GMT+0100,3502.221,3497.451,0.02,0.02
14.04.2021 11:05:10.737 GMT+0100,3502.508,3498.7790000000005,0.02,0.02
14.04.2021 11:06:02.117 GMT+0100,3501.262,3497.451,0.02,0.02
14.04.2021 11:06:02.788 GMT+0100,3502.1800000000003,3497.5740000000005,0.02,0.02
14.04.2021 11:06:16.597 GMT+0100,3502.508,3499.82,0.02,0.0075
14.04.2021 11:06:18.240 GMT+0100,3502.221,3497.656,0.02,0.02
14.04.2021 11:06:23.716 GMT+0100,3501.385,3497.7790000000005,0.0075,0.02
14.04.2021 11:06:23.817 GMT+0100,3502.385,3498,0.02,0.02
14.04.2021 11:06:24.270 GMT+0100,3501.508,3497.656,0.0075,0.02
14.04.2021 11:06:32.436 GMT+0100,3502.5490000000004,3497.697,0.02,0.02
14.04.2021 11:06:33.128 GMT+0100,3501.1800000000003,3497.656,0.02,0.02
14.04.2021 11:06:38.156 GMT+0100,3502,3497.82,0.02,0.02
14.04.2021 11:07:03.438 GMT+0100,3501.3440000000005,3497.697,0.0075,0.02
14.04.2021 11:07:03.583 GMT+0100,3500.467,3497.451,0.0075,0.02
14.04.2021 11:07:03.633 GMT+0100,3501.385,3497.82,0.02,0.02
14.04.2021 11:07:34.037 GMT+0100,3500.508,3497.6150000000002,0.02,0.02
14.04.2021 11:08:06.933 GMT+0100,3499.1800000000003,3497.451,0.0075,0.0075
14.04.2021 11:08:06.983 GMT+0100,3499.3440000000005,3494.533,0.02,0.02
14.04.2021 11:08:07.034 GMT+0100,3498.508,3494.738,0.02,0.02
14.04.2021 11:08:10.562 GMT+0100,3498.262,3493.6150000000002,0.02,0.02
14.04.2021 11:08:10.613 GMT+0100,3496.303,3490.656,0.02,0.02
14.04.2021 11:08:11.194 GMT+0100,3495.385,3490.82,0.02,0.02
14.04.2021 11:08:26.506 GMT+0100,3494,3489.451,0.02,0.02
14.04.2021 11:08:26.616 GMT+0100,3494.467,3490.697,0.02,0.0075
14.04.2021 11:08:26.721 GMT+0100,3494.221,3491.697,0.0075,0.0075
14.04.2021 11:08:26.771 GMT+0100,3495.262,3491.6150000000002,0.02,0.02
14.04.2021 11:08:26.914 GMT+0100,3495.426,3490.82,0.02,0.02
14.04.2021 11:08:27.248 GMT+0100,3495.221,3491.451,0.02,0.0075
14.04.2021 11:08:28.937 GMT+0100,3496.3440000000005,3492.656,0.02,0.02
14.04.2021 11:08:29.037 GMT+0100,3498.5490000000004,3492.533,0.02,0.02
14.04.2021 11:08:29.087 GMT+0100,3497.426,3492.6150000000002,0.02,0.02
14.04.2021 11:08:29.524 GMT+0100,3498.426,3492.738,0.02,0.02
14.04.2021 11:08:31.838 GMT+0100,3497.1800000000003,3492.697,0.0075,0.02
14.04.2021 11:08:31.941 GMT+0100,3498.385,3492.5740000000005,0.02,0.02
14.04.2021 11:08:31.991 GMT+0100,3498.1800000000003,3493.6150000000002,0.02,0.02
14.04.2021 11:08:32.098 GMT+0100,3497.1800000000003,3492.738,0.02,0.02
14.04.2021 11:08:32.259 GMT+0100,3498.303,3492.7790000000005,0.02,0.02
14.04.2021 11:08:32.309 GMT+0100,3498.467,3494,0.02,0.02
14.04.2021 11:08:33.457 GMT+0100,3497,3492.5740000000005,0.02,0.02
14.04.2021 11:08:33.508 GMT+0100,3498.3440000000005,3492.82,0.02,0.02
14.04.2021 11:08:33.558 GMT+0100,3498.5490000000004,3494,0.02,0.02
14.04.2021 11:08:37.949 GMT+0100,3497.467,3493.6150000000002,0.0075,0.02
14.04.2021 11:08:37.999 GMT+0100,3497.426,3492.82,0.02,0.02
14.04.2021 11:08:38.050 GMT+0100,3498.5490000000004,3492.5740000000005,0.02,0.02
14.04.2021 11:08:38.101 GMT+0100,3498.508,3493.451,0.02,0.02
14.04.2021 11:08:49.570 GMT+0100,3497.508,3493.5740000000005,0.02,0.02
14.04.2021 11:08:49.648 GMT+0100,3498.221,3493.492,0.02,0.02
14.04.2021 11:08:55.398 GMT+0100,3497.385,3493.82,0.0075,0.02
14.04.2021 11:08:55.499 GMT+0100,3498.385,3492.533,0.02,0.02
14.04.2021 11:08:55.549 GMT+0100,3498.1800000000003,3494,0.02,0.02
14.04.2021 11:09:03.460 GMT+0100,3496.303,3494,0.0075,0.0075
14.04.2021 11:09:03.511 GMT+0100,3496,3491.82,0.02,0.02
14.04.2021 11:09:03.611 GMT+0100,3494,3491.7790000000005,0.02,0.02
14.04.2021 11:09:03.951 GMT+0100,3494,3489.6150000000002,0.02,0.02
14.04.2021 11:09:04.001 GMT+0100,3493.508,3489.451,0.02,0.02
14.04.2021 11:09:04.436 GMT+0100,3492.221,3490,0.0075,0.0075
14.04.2021 11:09:04.487 GMT+0100,3492.385,3487.7790000000005,0.02,0.02
14.04.2021 11:09:04.584 GMT+0100,3490,3487.697,0.0075,0.0075
14.04.2021 11:09:04.635 GMT+0100,3490.1800000000003,3486.492,0.02,0.02
14.04.2021 11:09:04.685 GMT+0100,3490.3440000000005,3487.6150000000002,0.02,0.02
14.04.2021 11:09:04.735 GMT+0100,3490.426,3486.5740000000005,0.02,0.02
14.04.2021 11:09:05.345 GMT+0100,3490.5490000000004,3487.5740000000005,0.02,0.02
14.04.2021 11:09:05.510 GMT+0100,3490.303,3486.533,0.02,0.02
14.04.2021 11:09:06.507 GMT+0100,3490.262,3487.738,0.02,0.02
14.04.2021 11:09:48.090 GMT+0100,3490.262,3487,0.02,0.02
14.04.2021 11:09:48.292 GMT+0100,3489.426,3486.451,0.0075,0.0075
14.04.2021 11:09:48.342 GMT+0100,3489.303,3485.5740000000005,0.02,0.02
14.04.2021 11:09:48.393 GMT+0100,3490.221,3485.533,0.02,0.02
14.04.2021 11:09:48.750 GMT+0100,3489.1800000000003,3485.5740000000005,0.0075,0.02
14.04.2021 11:09:49.085 GMT+0100,3488.508,3485.451,0.0075,0.0075
14.04.2021 11:09:49.135 GMT+0100,3488.426,3484.697,0.02,0.02
14.04.2021 11:09:49.186 GMT+0100,3488.303,3483.656,0.02,0.02
14.04.2021 11:09:51.460 GMT+0100,3488.1800000000003,3484.6150000000002,0.0075,0.0075
14.04.2021 11:09:51.511 GMT+0100,3489.3440000000005,3484.738,0.02,0.02
14.04.2021 11:09:52.355 GMT+0100,3489.3440000000005,3485.451,0.02,0.02
14.04.2021 11:09:52.457 GMT+0100,3488,3485.451,0.0075,0.0075
14.04.2021 11:09:52.507 GMT+0100,3489.467,3484.451,0.02,0.02
14.04.2021 11:09:52.664 GMT+0100,3488,3484.533,0.02,0.02
14.04.2021 11:09:53.659 GMT+0100,3488.262,3485.5740000000005,0.02,0.0075
14.04.2021 11:10:17.561 GMT+0100,3487.508,3485.451,0.0075,0.0075
14.04.2021 11:10:17.611 GMT+0100,3487.3440000000005,3483.533,0.02,0.02
14.04.2021 11:10:17.662 GMT+0100,3488.221,3483.656,0.02,0.02
14.04.2021 11:10:17.773 GMT+0100,3489.385,3483.697,0.02,0.02
14.04.2021 11:10:18.530 GMT+0100,3488.5490000000004,3483.6150000000002,0.0075,0.02
14.04.2021 11:10:19.619 GMT+0100,3487.262,3483.5740000000005,0.0075,0.02
14.04.2021 11:10:44.264 GMT+0100,3487.221,3484.533,0.02,0.0075
14.04.2021 11:10:45.358 GMT+0100,3487.508,3483.82,0.02,0.02
14.04.2021 11:10:48.608 GMT+0100,3489.303,3484.5740000000005,0.02,0.02
14.04.2021 11:10:48.659 GMT+0100,3488.385,3484.492,0.02,0.02
14.04.2021 11:11:52.233 GMT+0100,3487.508,3483.533,0.02,0.02
14.04.2021 11:11:52.334 GMT+0100,3488.5490000000004,3483.6150000000002,0.02,0.02
14.04.2021 11:11:52.534 GMT+0100,3487.385,3483.533,0.0075,0.02
14.04.2021 11:11:52.661 GMT+0100,3486.1800000000003,3483.6150000000002,0.02,0.02
14.04.2021 11:11:52.817 GMT+0100,3487.385,3483.738,0.02,0.02
14.04.2021 11:14:04.267 GMT+0100,3484.508,3483.533,0.0075,0.0075
14.04.2021 11:14:04.318 GMT+0100,3481.3440000000005,3476.656,0.02,0.02
14.04.2021 11:14:05.231 GMT+0100,3482.303,3476.5740000000005,0.02,0.02
14.04.2021 11:14:05.281 GMT+0100,3482.508,3477.5740000000005,0.02,0.02
14.04.2021 11:14:09.564 GMT+0100,3486.385,3481.697,0.02,0.02
14.04.2021 11:14:09.880 GMT+0100,3486.5490000000004,3480.6150000000002,0.02,0.02
14.04.2021 11:14:09.931 GMT+0100,3484.221,3479.6150000000002,0.02,0.02
14.04.2021 11:14:10.067 GMT+0100,3483.385,3478.492,0.02,0.02
14.04.2021 11:14:10.168 GMT+0100,3481.5490000000004,3477.5740000000005,0.02,0.02
14.04.2021 11:14:10.218 GMT+0100,3482.221,3477.7790000000005,0.02,0.02
14.04.2021 11:14:10.377 GMT+0100,3483.426,3477.697,0.02,0.02
14.04.2021 11:14:10.935 GMT+0100,3483.3440000000005,3478.6150000000002,0.02,0.0075
14.04.2021 11:14:11.976 GMT+0100,3486.303,3481.533,0.02,0.02
14.04.2021 11:14:12.077 GMT+0100,3485.426,3481.6150000000002,0.02,0.02
14.04.2021 11:14:17.381 GMT+0100,3485,3482.697,0.02,0.0075
14.04.2021 11:14:17.531 GMT+0100,3485.262,3481.492,0.02,0.02
14.04.2021 11:14:20.836 GMT+0100,3485.508,3482.697,0.02,0.0075
14.04.2021 11:14:44.351 GMT+0100,3486.467,3482.451,0.02,0.02
14.04.2021 11:14:48.804 GMT+0100,3486.5490000000004,3483.7790000000005,0.02,0.02
14.04.2021 11:14:48.912 GMT+0100,3486.262,3482.7790000000005,0.02,0.02
14.04.2021 11:14:50.081 GMT+0100,3486.221,3483.656,0.02,0.02
14.04.2021 11:14:50.131 GMT+0100,3486,3482.6150000000002,0.02,0.02
14.04.2021 11:14:53.836 GMT+0100,3486.467,3483.492,0.02,0.0075
14.04.2021 11:15:21.459 GMT+0100,3486.303,3485,0.02,0.0075
14.04.2021 11:15:51.124 GMT+0100,3488.1800000000003,3485.738,0.02,0.02
14.04.2021 11:15:54.204 GMT+0100,3488.5490000000004,3484.451,0.02,0.02
14.04.2021 11:16:04.182 GMT+0100,3488.3440000000005,3485.6150000000002,0.02,0.0075
14.04.2021 11:16:15.060 GMT+0100,3487.3440000000005,3485.492,0.0075,0.0075
14.04.2021 11:16:15.111 GMT+0100,3487,3483.533,0.02,0.02
14.04.2021 11:16:15.318 GMT+0100,3487,3482.697,0.02,0.02
14.04.2021 11:16:19.052 GMT+0100,3487,3483.7790000000005,0.02,0.0075
14.04.2021 11:16:29.181 GMT+0100,3487.5490000000004,3484.533,0.02,0.02
14.04.2021 11:17:29.520 GMT+0100,3487.3440000000005,3482.7790000000005,0.02,0.02
14.04.2021 11:17:29.570 GMT+0100,3486.303,3482.492,0.02,0.02
14.04.2021 11:17:29.868 GMT+0100,3485.3440000000005,3482.5740000000005,0.02,0.02
14.04.2021 11:19:10.516 GMT+0100,3485.467,3480.656,0.02,0.02
14.04.2021 11:19:10.666 GMT+0100,3485.221,3481.7790000000005,0.02,0.02
14.04.2021 11:19:38.894 GMT+0100,3484.1800000000003,3481.82,0.02,0.02
14.04.2021 11:19:38.995 GMT+0100,3483,3481.6150000000002,0.02,0.02
14.04.2021 11:19:39.179 GMT+0100,3485.262,3481.7790000000005,0.02,0.02
14.04.2021 11:19:43.125 GMT+0100,3484.221,3481.533,0.0075,0.02
14.04.2021 11:21:31.504 GMT+0100,3483.262,3481.6150000000002,0.0075,0.0075
14.04.2021 11:21:31.555 GMT+0100,3483.303,3479.6150000000002,0.02,0.02
14.04.2021 11:21:34.103 GMT+0100,3482.262,3479.533,0.02,0.02
14.04.2021 11:21:57.264 GMT+0100,3483.508,3479.656,0.02,0.02
14.04.2021 11:21:57.315 GMT+0100,3483.1800000000003,3480.7790000000005,0.02,0.02
14.04.2021 11:21:57.365 GMT+0100,3484.5490000000004,3480.738,0.02,0.02
14.04.2021 11:21:57.636 GMT+0100,3483.385,3480.656,0.0075,0.02
14.04.2021 11:22:44.247 GMT+0100,3483.221,3479.738,0.02,0.02
14.04.2021 11:22:44.348 GMT+0100,3482.467,3479.697,0.02,0.02
14.04.2021 11:22:44.494 GMT+0100,3482.5490000000004,3478.492,0.02,0.02
14.04.2021 11:22:51.826 GMT+0100,3481.262,3476.82,0.02,0.02
14.04.2021 11:22:51.877 GMT+0100,3480,3475.6150000000002,0.02,0.02
14.04.2021 11:22:51.980 GMT+0100,3479.467,3475.7790000000005,0.02,0.02
14.04.2021 11:22:52.030 GMT+0100,3479.221,3474.656,0.02,0.02
14.04.2021 11:22:52.081 GMT+0100,3476,3472.656,0.02,0.02
14.04.2021 11:22:52.929 GMT+0100,3477.467,3472.533,0.02,0.02
14.04.2021 11:22:52.979 GMT+0100,3478.467,3473.6150000000002,0.02,0.02
14.04.2021 11:22:53.080 GMT+0100,3479.426,3474.6150000000002,0.02,0.02
