Local time,Ask,Bid,AskVolume,BidVolume
06.04.2021 08:00:08.677 GMT+0100,3546.303,3520,0.02,0.02
06.04.2021 08:00:08.912 GMT+0100,3528.25,3519.533,0.0075,0.02
06.04.2021 08:00:12.951 GMT+0100,3526.467,3513.492,0.02,0.02
06.04.2021 08:00:13.266 GMT+0100,3526.262,3517.533,0.02,0.0075
06.04.2021 08:00:13.367 GMT+0100,3527.3440000000005,3513.5740000000005,0.02,0.02
06.04.2021 08:00:13.580 GMT+0100,3527.508,3518.6150000000002,0.02,0.0075
06.04.2021 08:00:13.731 GMT+0100,3526.385,3518.492,0.02,0.02
06.04.2021 08:00:14.569 GMT+0100,3526.5490000000004,3519.738,0.02,0.02
06.04.2021 08:00:20.041 GMT+0100,3524.5490000000004,3519.656,0.0075,0.02
06.04.2021 08:00:20.320 GMT+0100,3547.467,3520.656,0.02,0.02
06.04.2021 08:00:20.538 GMT+0100,3546.508,3522.533,0.02,0.02
06.04.2021 08:00:20.700 GMT+0100,3530.5,3522.6150000000002,0.0075,0.02
06.04.2021 08:00:21.027 GMT+0100,3530.75,3523.533,0.0075,0.0075
06.04.2021 08:00:21.078 GMT+0100,3546.5490000000004,3523.82,0.02,0.02
06.04.2021 08:00:21.128 GMT+0100,3546.262,3526.533,0.02,0.02
06.04.2021 08:00:21.394 GMT+0100,3546.385,3527.492,0.0075,0.0075
06.04.2021 08:00:21.445 GMT+0100,3547.385,3527.6150000000002,0.02,0.02
06.04.2021 08:00:21.781 GMT+0100,3547.3440000000005,3528.7790000000005,0.02,0.0075
06.04.2021 08:00:21.832 GMT+0100,3559.5490000000004,3529.738,0.02,0.02
06.04.2021 08:00:21.882 GMT+0100,3558.262,3529.697,0.02,0.02
06.04.2021 08:00:22.479 GMT+0100,3556.303,3530.533,0.02,0.02
06.04.2021 08:00:22.590 GMT+0100,3555.467,3530.533,0.02,0.02
06.04.2021 08:00:22.838 GMT+0100,3554.467,3530.5740000000005,0.0075,0.02
06.04.2021 08:00:23.096 GMT+0100,3545,3531,0.0075,0.02
06.04.2021 08:00:23.708 GMT+0100,3544,3530.451,0.02,0.02
06.04.2021 08:00:25.598 GMT+0100,3544.221,3531.7790000000005,0.02,0.0075
06.04.2021 08:00:26.747 GMT+0100,3545.385,3532.533,0.02,0.02
06.04.2021 08:00:34.006 GMT+0100,3543.1800000000003,3532.738,0.02,0.02
06.04.2021 08:00:34.328 GMT+0100,3551.1800000000003,3532.492,0.02,0.02
06.04.2021 08:00:34.378 GMT+0100,3547.262,3532.5740000000005,0.02,0.02
06.04.2021 08:00:34.428 GMT+0100,3547.426,3531.492,0.02,0.02
06.04.2021 08:00:35.128 GMT+0100,3547,3534.7790000000005,0.02,0.0075
06.04.2021 08:00:35.918 GMT+0100,3539.262,3516.5740000000005,0.02,0.02
06.04.2021 08:00:36.039 GMT+0100,3532.3440000000005,3516.492,0.0075,0.0075
06.04.2021 08:00:36.321 GMT+0100,3533.262,3504.533,0.02,0.02
06.04.2021 08:00:36.422 GMT+0100,3533.426,3506.533,0.02,0.02
06.04.2021 08:00:36.640 GMT+0100,3533.426,3504.492,0.02,0.02
06.04.2021 08:00:36.717 GMT+0100,3533.262,3506.451,0.02,0.0075
06.04.2021 08:00:36.949 GMT+0100,3527.426,3506.6150000000002,0.02,0.02
06.04.2021 08:00:37.076 GMT+0100,3527.3440000000005,3507.6150000000002,0.02,0.02
06.04.2021 08:00:37.636 GMT+0100,3523.262,3507.6150000000002,0.0075,0.02
06.04.2021 08:00:37.737 GMT+0100,3524.508,3507.82,0.02,0.02
06.04.2021 08:00:37.799 GMT+0100,3516.467,3507.697,0.0075,0.0075
06.04.2021 08:00:37.901 GMT+0100,3516.262,3502.656,0.0075,0.0075
06.04.2021 08:00:37.951 GMT+0100,3517.1800000000003,3502.82,0.02,0.02
06.04.2021 08:00:38.152 GMT+0100,3517.262,3505.82,0.02,0.0075
06.04.2021 08:00:38.253 GMT+0100,3535.5490000000004,3505.697,0.02,0.02
06.04.2021 08:00:38.303 GMT+0100,3534.1800000000003,3505.738,0.02,0.02
06.04.2021 08:00:38.468 GMT+0100,3533.303,3505.6150000000002,0.0075,0.02
06.04.2021 08:00:38.519 GMT+0100,3534.467,3505.656,0.02,0.02
06.04.2021 08:00:38.683 GMT+0100,3525.3440000000005,3505.697,0.02,0.02
06.04.2021 08:00:38.904 GMT+0100,3525.3440000000005,3506.697,0.02,0.0075
06.04.2021 08:00:39.090 GMT+0100,3525.385,3505.738,0.02,0.02
06.04.2021 08:00:42.026 GMT+0100,3523.385,3505.7790000000005,0.02,0.02
06.04.2021 08:00:42.772 GMT+0100,3523.5490000000004,3506.5740000000005,0.02,0.0075
06.04.2021 08:00:50.984 GMT+0100,3521.1800000000003,3506.7790000000005,0.02,0.02
06.04.2021 08:01:00.015 GMT+0100,3519.5490000000004,3506.5740000000005,0.02,0.02
06.04.2021 08:01:02.547 GMT+0100,3517.221,3506.656,0.02,0.02
06.04.2021 08:01:17.903 GMT+0100,3522.1800000000003,3506.7790000000005,0.02,0.02
06.04.2021 08:01:18.733 GMT+0100,3514.303,3506.82,0.02,0.02
06.04.2021 08:01:44.561 GMT+0100,3536.303,3507.451,0.02,0.02
06.04.2021 08:01:44.611 GMT+0100,3532.5490000000004,3507,0.02,0.02
06.04.2021 08:01:45.509 GMT+0100,3530.426,3506.5740000000005,0.0075,0.02
06.04.2021 08:01:45.806 GMT+0100,3528.221,3506.492,0.0075,0.02
06.04.2021 08:01:46.795 GMT+0100,3524,3506.492,0.02,0.02
06.04.2021 08:01:47.956 GMT+0100,3522.221,3506.492,0.0075,0.02
06.04.2021 08:01:49.938 GMT+0100,3521.262,3506.656,0.0075,0.02
06.04.2021 08:01:50.768 GMT+0100,3519.1800000000003,3506.7790000000005,0.0075,0.02
06.04.2021 08:01:50.819 GMT+0100,3520.1800000000003,3506.492,0.02,0.02
06.04.2021 08:01:51.165 GMT+0100,3521.262,3506.738,0.02,0.02
06.04.2021 08:01:51.227 GMT+0100,3519.3440000000005,3506.5740000000005,0.0075,0.02
06.04.2021 08:01:52.106 GMT+0100,3521,3506.533,0.02,0.02
06.04.2021 08:01:52.157 GMT+0100,3522,3506.6150000000002,0.02,0.02
06.04.2021 08:01:52.207 GMT+0100,3520.5490000000004,3506.82,0.02,0.02
06.04.2021 08:01:52.257 GMT+0100,3523.221,3506.492,0.02,0.02
06.04.2021 08:01:52.308 GMT+0100,3524.303,3506.5740000000005,0.02,0.02
06.04.2021 08:01:52.358 GMT+0100,3521.221,3507,0.02,0.02
06.04.2021 08:01:53.880 GMT+0100,3529.508,3506.738,0.02,0.02
06.04.2021 08:01:54.110 GMT+0100,3528.385,3506.5740000000005,0.0075,0.02
06.04.2021 08:01:54.929 GMT+0100,3524.385,3506.451,0.02,0.02
06.04.2021 08:01:55.069 GMT+0100,3522.3440000000005,3506.738,0.02,0.02
06.04.2021 08:01:55.170 GMT+0100,3525.262,3506.451,0.02,0.02
06.04.2021 08:01:55.220 GMT+0100,3520.1800000000003,3506.5740000000005,0.02,0.02
06.04.2021 08:01:56.206 GMT+0100,3524.221,3506.533,0.02,0.02
06.04.2021 08:01:56.987 GMT+0100,3523.1800000000003,3506.82,0.02,0.02
06.04.2021 08:01:59.521 GMT+0100,3519.385,3506.656,0.02,0.02
06.04.2021 08:02:02.150 GMT+0100,3526.262,3506.5740000000005,0.02,0.02
06.04.2021 08:02:03.743 GMT+0100,3519.221,3506.492,0.02,0.02
06.04.2021 08:02:30.062 GMT+0100,3518.5490000000004,3506.5740000000005,0.0075,0.02
06.04.2021 08:02:52.704 GMT+0100,3517.221,3506.738,0.02,0.02
06.04.2021 08:03:02.296 GMT+0100,3516.3440000000005,3506.5740000000005,0.0075,0.02
06.04.2021 08:03:40.618 GMT+0100,3516.262,3505.7790000000005,0.02,0.02
06.04.2021 08:03:58.713 GMT+0100,3516.221,3506.492,0.02,0.02
06.04.2021 08:04:03.814 GMT+0100,3516.221,3505.5740000000005,0.02,0.02
06.04.2021 08:04:03.908 GMT+0100,3516.262,3506.6150000000002,0.02,0.02
06.04.2021 08:04:09.539 GMT+0100,3516.385,3505.6150000000002,0.02,0.02
06.04.2021 08:04:09.589 GMT+0100,3516.3440000000005,3506.492,0.02,0.02
06.04.2021 08:04:11.233 GMT+0100,3516.385,3505.6150000000002,0.02,0.02
06.04.2021 08:04:11.316 GMT+0100,3516.262,3506.5740000000005,0.02,0.0075
06.04.2021 08:04:12.498 GMT+0100,3516.303,3505.738,0.02,0.02
06.04.2021 08:04:13.380 GMT+0100,3516.467,3506.451,0.02,0.0075
06.04.2021 08:04:13.481 GMT+0100,3516.508,3505.738,0.02,0.02
06.04.2021 08:04:13.853 GMT+0100,3516.262,3506.451,0.02,0.0075
06.04.2021 08:04:16.272 GMT+0100,3516.385,3505.492,0.02,0.02
06.04.2021 08:04:16.334 GMT+0100,3516.467,3506.533,0.02,0.0075
06.04.2021 08:04:33.877 GMT+0100,3516.426,3506,0.02,0.02
06.04.2021 08:04:34.312 GMT+0100,3516.508,3506.5740000000005,0.02,0.0075
06.04.2021 08:04:52.958 GMT+0100,3516.303,3507.738,0.02,0.02
06.04.2021 08:04:53.008 GMT+0100,3516.303,3506.5740000000005,0.02,0.02
06.04.2021 08:04:53.936 GMT+0100,3516.385,3507.738,0.02,0.02
06.04.2021 08:04:53.987 GMT+0100,3516.303,3506.7790000000005,0.02,0.02
06.04.2021 08:05:17.349 GMT+0100,3515.385,3506.7790000000005,0.02,0.02
06.04.2021 08:05:17.512 GMT+0100,3513.3440000000005,3506.7790000000005,0.0075,0.02
06.04.2021 08:05:17.776 GMT+0100,3514.221,3506.451,0.02,0.02
06.04.2021 08:05:18.139 GMT+0100,3513.385,3506.7790000000005,0.0075,0.02
06.04.2021 08:05:18.567 GMT+0100,3514.3440000000005,3506.6150000000002,0.02,0.02
06.04.2021 08:05:18.617 GMT+0100,3513.508,3506.492,0.02,0.02
06.04.2021 08:05:18.720 GMT+0100,3512.385,3506.533,0.02,0.02
06.04.2021 08:05:20.541 GMT+0100,3511.385,3502.82,0.02,0.02
06.04.2021 08:05:20.592 GMT+0100,3508.303,3500.738,0.02,0.02
06.04.2021 08:05:21.357 GMT+0100,3508,3487.533,0.02,0.02
06.04.2021 08:05:21.586 GMT+0100,3502.262,3487.697,0.0075,0.02
06.04.2021 08:05:21.728 GMT+0100,3502.262,3488.492,0.02,0.0075
06.04.2021 08:05:22.705 GMT+0100,3502.3440000000005,3489.738,0.02,0.0075
06.04.2021 08:05:22.843 GMT+0100,3502.5490000000004,3490.82,0.02,0.02
06.04.2021 08:05:23.121 GMT+0100,3502.3440000000005,3498.7790000000005,0.02,0.02
06.04.2021 08:05:23.367 GMT+0100,3502.5490000000004,3499.738,0.0075,0.0075
06.04.2021 08:05:23.417 GMT+0100,3509.5490000000004,3499.697,0.02,0.02
06.04.2021 08:05:23.568 GMT+0100,3509.221,3500.7790000000005,0.02,0.02
06.04.2021 08:05:26.620 GMT+0100,3505.508,3499.7790000000005,0.0075,0.02
06.04.2021 08:05:31.947 GMT+0100,3503.508,3498.738,0.02,0.02
06.04.2021 08:05:33.087 GMT+0100,3503.5490000000004,3495.82,0.02,0.02
06.04.2021 08:05:33.312 GMT+0100,3502.508,3495.7790000000005,0.02,0.02
06.04.2021 08:05:36.947 GMT+0100,3500.467,3495.5740000000005,0.0075,0.0075
06.04.2021 08:05:36.997 GMT+0100,3501.426,3490.492,0.02,0.02
06.04.2021 08:05:37.351 GMT+0100,3499.385,3490.6150000000002,0.0075,0.02
06.04.2021 08:05:40.182 GMT+0100,3498.426,3490.7790000000005,0.02,0.02
06.04.2021 08:05:42.586 GMT+0100,3498,3489.82,0.02,0.02
06.04.2021 08:05:42.637 GMT+0100,3498,3480.5740000000005,0.02,0.02
06.04.2021 08:05:42.821 GMT+0100,3496.1800000000003,3480.6150000000002,0.02,0.02
06.04.2021 08:05:45.593 GMT+0100,3496.467,3488.82,0.02,0.02
06.04.2021 08:05:47.284 GMT+0100,3496.1800000000003,3482.533,0.02,0.02
06.04.2021 08:05:49.325 GMT+0100,3496.426,3488.697,0.02,0.0075
06.04.2021 08:05:49.631 GMT+0100,3495.385,3488.533,0.0075,0.02
06.04.2021 08:05:50.544 GMT+0100,3495,3489.7790000000005,0.02,0.0075
06.04.2021 08:05:51.104 GMT+0100,3495.508,3491,0.02,0.02
06.04.2021 08:05:52.809 GMT+0100,3499.221,3490.533,0.02,0.02
06.04.2021 08:05:54.696 GMT+0100,3498.385,3490.451,0.0075,0.02
06.04.2021 08:05:55.836 GMT+0100,3499.508,3490.451,0.02,0.02
06.04.2021 08:05:56.244 GMT+0100,3496,3490.492,0.0075,0.02
06.04.2021 08:05:57.625 GMT+0100,3499.303,3490.5740000000005,0.02,0.02
06.04.2021 08:06:02.007 GMT+0100,3498.1800000000003,3490.533,0.0075,0.02
06.04.2021 08:06:15.409 GMT+0100,3496.262,3490.7790000000005,0.0075,0.02
06.04.2021 08:06:15.571 GMT+0100,3497.385,3490.5740000000005,0.02,0.02
06.04.2021 08:06:22.056 GMT+0100,3496.303,3490.6150000000002,0.0075,0.02
06.04.2021 08:06:30.496 GMT+0100,3497.3440000000005,3490.82,0.02,0.02
06.04.2021 08:06:32.120 GMT+0100,3499.5490000000004,3490.533,0.02,0.02
06.04.2021 08:06:37.162 GMT+0100,3500.426,3493,0.02,0.02
06.04.2021 08:06:41.296 GMT+0100,3498.426,3492.697,0.0075,0.02
06.04.2021 08:06:43.954 GMT+0100,3499.262,3492.5740000000005,0.02,0.02
06.04.2021 08:06:44.848 GMT+0100,3499,3490.451,0.02,0.02
06.04.2021 08:06:47.500 GMT+0100,3502.426,3492.82,0.02,0.02
06.04.2021 08:06:47.550 GMT+0100,3501.5490000000004,3493,0.02,0.02
06.04.2021 08:06:49.414 GMT+0100,3501.262,3495.5740000000005,0.02,0.0075
06.04.2021 08:06:56.755 GMT+0100,3498.508,3490.697,0.02,0.02
06.04.2021 08:09:23.229 GMT+0100,3498.508,3491.82,0.02,0.0075
06.04.2021 08:09:29.589 GMT+0100,3498,3490.82,0.02,0.02
06.04.2021 08:09:48.963 GMT+0100,3498.508,3492.5740000000005,0.0075,0.0075
06.04.2021 08:09:49.013 GMT+0100,3501.262,3493.697,0.02,0.02
06.04.2021 08:09:49.545 GMT+0100,3502.5490000000004,3493.7790000000005,0.02,0.02
06.04.2021 08:09:50.152 GMT+0100,3500.5490000000004,3493.697,0.0075,0.02
06.04.2021 08:09:50.754 GMT+0100,3500,3492.6150000000002,0.02,0.02
06.04.2021 08:09:51.715 GMT+0100,3499,3492.656,0.0075,0.02
06.04.2021 08:09:59.234 GMT+0100,3499.426,3493.6150000000002,0.0075,0.0075
06.04.2021 08:09:59.284 GMT+0100,3502.508,3493.5740000000005,0.02,0.02
06.04.2021 08:09:59.334 GMT+0100,3500.221,3493.7790000000005,0.02,0.02
06.04.2021 08:10:00.257 GMT+0100,3500.5490000000004,3492.656,0.02,0.02
06.04.2021 08:10:00.308 GMT+0100,3498.508,3492.6150000000002,0.02,0.02
06.04.2021 08:10:04.216 GMT+0100,3495.508,3492.492,0.0075,0.0075
06.04.2021 08:10:04.266 GMT+0100,3495.3440000000005,3490.533,0.02,0.02
06.04.2021 08:10:05.120 GMT+0100,3495.221,3492.82,0.02,0.02
06.04.2021 08:10:07.659 GMT+0100,3497.467,3492.82,0.02,0.02
06.04.2021 08:10:07.760 GMT+0100,3496.467,3492.82,0.02,0.02
06.04.2021 08:10:18.125 GMT+0100,3495.1800000000003,3492.697,0.0075,0.02
06.04.2021 08:10:37.963 GMT+0100,3494.303,3491,0.02,0.02
06.04.2021 08:10:38.098 GMT+0100,3495.426,3491,0.02,0.02
06.04.2021 08:10:57.316 GMT+0100,3495.426,3492,0.0075,0.0075
06.04.2021 08:10:57.367 GMT+0100,3502.508,3491.738,0.02,0.02
06.04.2021 08:10:57.464 GMT+0100,3498.426,3491.5740000000005,0.02,0.02
06.04.2021 08:10:58.520 GMT+0100,3497.508,3490.533,0.02,0.02
06.04.2021 08:10:58.640 GMT+0100,3497.5490000000004,3491.6150000000002,0.02,0.02
06.04.2021 08:10:59.451 GMT+0100,3497.508,3490.82,0.02,0.02
06.04.2021 08:11:01.355 GMT+0100,3496.5490000000004,3490.697,0.02,0.02
06.04.2021 08:11:02.733 GMT+0100,3496.303,3491.656,0.02,0.0075
06.04.2021 08:11:02.783 GMT+0100,3496.385,3490.451,0.02,0.02
06.04.2021 08:11:03.093 GMT+0100,3497.467,3490.6150000000002,0.02,0.02
06.04.2021 08:11:06.184 GMT+0100,3496.385,3490.6150000000002,0.0075,0.02
06.04.2021 08:12:17.457 GMT+0100,3495.508,3490.7790000000005,0.01,0.01
06.04.2021 08:12:17.507 GMT+0100,3494.426,3488.738,0.02,0.02
06.04.2021 08:12:17.607 GMT+0100,3493.508,3488.7790000000005,0.02,0.02
06.04.2021 08:12:24.526 GMT+0100,3492.303,3488.656,0.02,0.02
06.04.2021 08:12:31.422 GMT+0100,3492.385,3489.492,0.02,0.0075
06.04.2021 08:12:45.405 GMT+0100,3494.426,3489.5740000000005,0.02,0.02
06.04.2021 08:12:48.226 GMT+0100,3494.385,3490.492,0.02,0.0075
06.04.2021 08:12:48.383 GMT+0100,3494.221,3489.697,0.02,0.02
06.04.2021 08:12:50.736 GMT+0100,3494.221,3491,0.02,0.0075
06.04.2021 08:12:56.615 GMT+0100,3494.385,3489.5740000000005,0.02,0.02
06.04.2021 08:13:03.117 GMT+0100,3494.5490000000004,3490.738,0.02,0.0075
06.04.2021 08:13:03.218 GMT+0100,3494.508,3489.451,0.02,0.02
06.04.2021 08:13:10.637 GMT+0100,3494.5490000000004,3490.697,0.02,0.0075
06.04.2021 08:13:10.738 GMT+0100,3494.1800000000003,3489.656,0.02,0.02
06.04.2021 08:13:21.338 GMT+0100,3494.385,3490.656,0.02,0.0075
06.04.2021 08:13:21.784 GMT+0100,3497.303,3490.82,0.02,0.02
06.04.2021 08:13:21.946 GMT+0100,3498.426,3489.738,0.02,0.02
06.04.2021 08:13:27.133 GMT+0100,3496.262,3489.656,0.0075,0.02
06.04.2021 08:13:27.236 GMT+0100,3495.5490000000004,3489.7790000000005,0.02,0.0075
06.04.2021 08:13:27.286 GMT+0100,3496.1800000000003,3488.7790000000005,0.02,0.02
06.04.2021 08:13:28.096 GMT+0100,3498.221,3488.492,0.02,0.02
06.04.2021 08:13:31.195 GMT+0100,3494.262,3488.6150000000002,0.0075,0.02
06.04.2021 08:13:36.886 GMT+0100,3495.303,3489.533,0.02,0.02
06.04.2021 08:13:36.936 GMT+0100,3498.5490000000004,3489.451,0.02,0.02
06.04.2021 08:13:36.987 GMT+0100,3495,3488,0.02,0.02
06.04.2021 08:13:39.945 GMT+0100,3495.262,3489.533,0.02,0.0075
06.04.2021 08:13:39.997 GMT+0100,3495.426,3487.5740000000005,0.02,0.02
06.04.2021 08:13:43.134 GMT+0100,3495,3489.738,0.0075,0.0075
06.04.2021 08:13:43.185 GMT+0100,3498.262,3490,0.02,0.02
06.04.2021 08:13:44.336 GMT+0100,3498.3440000000005,3487.656,0.02,0.02
06.04.2021 08:13:45.148 GMT+0100,3498.508,3489.533,0.02,0.02
06.04.2021 08:13:55.623 GMT+0100,3498.1800000000003,3490.533,0.02,0.02
06.04.2021 08:13:55.750 GMT+0100,3497.303,3489.82,0.02,0.02
06.04.2021 08:13:56.648 GMT+0100,3496.303,3489.697,0.0075,0.02
06.04.2021 08:13:56.777 GMT+0100,3496,3491.7790000000005,0.0075,0.0075
06.04.2021 08:13:56.827 GMT+0100,3498.221,3491.7790000000005,0.02,0.02
06.04.2021 08:13:56.958 GMT+0100,3498.221,3491,0.02,0.02
06.04.2021 08:13:57.828 GMT+0100,3497.3440000000005,3490.533,0.02,0.02
06.04.2021 08:14:12.130 GMT+0100,3496.262,3490.738,0.0075,0.0075
06.04.2021 08:14:12.181 GMT+0100,3496,3490,0.02,0.02
06.04.2021 08:14:17.845 GMT+0100,3496.385,3490.533,0.02,0.0075
06.04.2021 08:14:18.024 GMT+0100,3497.303,3490.738,0.02,0.02
06.04.2021 08:14:19.900 GMT+0100,3495.385,3490.656,0.0075,0.0075
06.04.2021 08:14:19.951 GMT+0100,3495,3488.656,0.02,0.02
06.04.2021 08:14:22.704 GMT+0100,3494.221,3488.533,0.0075,0.0075
06.04.2021 08:14:22.755 GMT+0100,3494.5490000000004,3487.492,0.02,0.02
06.04.2021 08:14:22.896 GMT+0100,3493.467,3487.6150000000002,0.0075,0.02
06.04.2021 08:14:23.057 GMT+0100,3492.426,3487.492,0.0075,0.02
06.04.2021 08:14:23.207 GMT+0100,3491.5490000000004,3487.5740000000005,0.02,0.02
06.04.2021 08:14:33.897 GMT+0100,3489.303,3484.451,0.02,0.02
06.04.2021 08:14:34.104 GMT+0100,3488.1800000000003,3481.82,0.02,0.02
06.04.2021 08:14:34.156 GMT+0100,3487.5490000000004,3481.656,0.02,0.02
06.04.2021 08:14:34.206 GMT+0100,3489.508,3481.6150000000002,0.02,0.02
06.04.2021 08:14:34.913 GMT+0100,3487.262,3481.738,0.0075,0.0075
06.04.2021 08:14:35.524 GMT+0100,3486.385,3481.82,0.0075,0.0075
06.04.2021 08:14:35.574 GMT+0100,3486.5490000000004,3477.82,0.02,0.02
06.04.2021 08:14:35.712 GMT+0100,3485.303,3477.451,0.0075,0.02
06.04.2021 08:14:35.912 GMT+0100,3484.3440000000005,3479.738,0.0075,0.0075
06.04.2021 08:14:36.521 GMT+0100,3483.5490000000004,3480,0.02,0.02
06.04.2021 08:14:37.867 GMT+0100,3484.467,3479.738,0.02,0.02
06.04.2021 08:14:39.066 GMT+0100,3480,3478.533,0.02,0.02
06.04.2021 08:14:39.178 GMT+0100,3484.3440000000005,3478.6150000000002,0.02,0.02
06.04.2021 08:14:39.229 GMT+0100,3484,3477.492,0.02,0.02
06.04.2021 08:14:39.930 GMT+0100,3484.221,3478.82,0.02,0.0075
06.04.2021 08:14:40.033 GMT+0100,3484.3440000000005,3477.451,0.02,0.02
06.04.2021 08:14:41.992 GMT+0100,3485.426,3477.5740000000005,0.02,0.02
06.04.2021 08:14:48.638 GMT+0100,3485.262,3479.697,0.02,0.0075
06.04.2021 08:14:48.738 GMT+0100,3485.467,3478.82,0.02,0.02
06.04.2021 08:14:50.005 GMT+0100,3486,3478.7790000000005,0.02,0.02
06.04.2021 08:14:50.055 GMT+0100,3487.426,3479.697,0.02,0.02
06.04.2021 08:14:52.016 GMT+0100,3486.508,3479.697,0.0075,0.02
06.04.2021 08:14:55.559 GMT+0100,3486.508,3480.697,0.02,0.0075
06.04.2021 08:15:08.098 GMT+0100,3486.5490000000004,3481.451,0.0075,0.0075
06.04.2021 08:15:08.149 GMT+0100,3490.3440000000005,3482.451,0.02,0.02
06.04.2021 08:15:08.389 GMT+0100,3490.426,3484.492,0.02,0.02
06.04.2021 08:15:10.104 GMT+0100,3489.3440000000005,3485,0.02,0.02
06.04.2021 08:15:13.190 GMT+0100,3488.1800000000003,3484.6150000000002,0.02,0.02
06.04.2021 08:15:36.589 GMT+0100,3488.385,3481.697,0.02,0.02
06.04.2021 08:15:36.689 GMT+0100,3487.385,3480.5740000000005,0.02,0.02
06.04.2021 08:15:41.330 GMT+0100,3488,3480.697,0.02,0.02
06.04.2021 08:15:41.403 GMT+0100,3487,3481.738,0.02,0.02
06.04.2021 08:15:41.455 GMT+0100,3487.221,3480.656,0.02,0.02
06.04.2021 08:15:41.505 GMT+0100,3488.5490000000004,3481.492,0.02,0.02
06.04.2021 08:15:50.863 GMT+0100,3488.303,3482.7790000000005,0.02,0.02
06.04.2021 08:15:50.973 GMT+0100,3488.426,3481.533,0.02,0.02
06.04.2021 08:15:52.331 GMT+0100,3487.221,3481.533,0.0075,0.02
06.04.2021 08:15:52.381 GMT+0100,3488,3481.82,0.02,0.02
06.04.2021 08:16:00.842 GMT+0100,3486,3481.451,0.0075,0.02
06.04.2021 08:16:01.005 GMT+0100,3487.1800000000003,3481.5740000000005,0.02,0.02
06.04.2021 08:16:01.150 GMT+0100,3488.426,3482,0.02,0.02
06.04.2021 08:16:01.466 GMT+0100,3486.1800000000003,3480.492,0.02,0.02
06.04.2021 08:16:01.571 GMT+0100,3485.1800000000003,3480.533,0.02,0.02
06.04.2021 08:16:01.780 GMT+0100,3485.3440000000005,3479.6150000000002,0.02,0.02
06.04.2021 08:16:02.035 GMT+0100,3485.303,3480.82,0.02,0.0075
06.04.2021 08:16:02.595 GMT+0100,3485.508,3479.451,0.02,0.02
06.04.2021 08:16:04.308 GMT+0100,3484.262,3479.533,0.0075,0.02
06.04.2021 08:16:04.411 GMT+0100,3484,3481,0.02,0.02
06.04.2021 08:16:04.461 GMT+0100,3484.508,3479.82,0.02,0.02
06.04.2021 08:16:08.726 GMT+0100,3483.221,3479.7790000000005,0.0075,0.02
06.04.2021 08:16:08.895 GMT+0100,3484.262,3479.6150000000002,0.02,0.02
06.04.2021 08:16:10.156 GMT+0100,3483,3479.7790000000005,0.02,0.02
06.04.2021 08:16:24.130 GMT+0100,3484.467,3479.5740000000005,0.02,0.02
06.04.2021 08:16:24.234 GMT+0100,3484.262,3480.451,0.02,0.02
06.04.2021 08:16:25.155 GMT+0100,3487.508,3480.738,0.02,0.02
06.04.2021 08:16:25.356 GMT+0100,3486.221,3480.7790000000005,0.02,0.02
06.04.2021 08:16:28.094 GMT+0100,3487.426,3480.697,0.02,0.02
06.04.2021 08:16:31.776 GMT+0100,3488.303,3480.656,0.02,0.02
06.04.2021 08:16:32.709 GMT+0100,3488.508,3481.451,0.0075,0.0075
06.04.2021 08:16:41.043 GMT+0100,3487.508,3482.533,0.0075,0.0075
06.04.2021 08:16:41.094 GMT+0100,3486.385,3480.5740000000005,0.02,0.02
06.04.2021 08:16:41.594 GMT+0100,3485.262,3481,0.0075,0.02
06.04.2021 08:16:59.631 GMT+0100,3485.262,3479.6150000000002,0.02,0.02
06.04.2021 08:17:10.296 GMT+0100,3485.262,3478.82,0.02,0.02
06.04.2021 08:17:10.402 GMT+0100,3485.303,3477.697,0.02,0.02
06.04.2021 08:17:11.165 GMT+0100,3485.426,3478.5740000000005,0.02,0.02
06.04.2021 08:17:11.691 GMT+0100,3485.385,3477.492,0.02,0.02
06.04.2021 08:17:12.509 GMT+0100,3485.508,3479.7790000000005,0.02,0.0075
06.04.2021 08:17:14.800 GMT+0100,3485.3440000000005,3477.656,0.02,0.02
06.04.2021 08:17:16.801 GMT+0100,3485.221,3479.738,0.02,0.0075
06.04.2021 08:17:20.771 GMT+0100,3485,3478.738,0.02,0.02
06.04.2021 08:17:20.821 GMT+0100,3485.5490000000004,3480.656,0.02,0.02
06.04.2021 08:17:39.713 GMT+0100,3484.3440000000005,3480.7790000000005,0.0075,0.02
06.04.2021 08:17:40.407 GMT+0100,3484.508,3477.697,0.02,0.02
06.04.2021 08:17:48.668 GMT+0100,3485,3478.697,0.02,0.02
06.04.2021 08:17:52.611 GMT+0100,3485.262,3477.5740000000005,0.02,0.02
06.04.2021 08:17:54.328 GMT+0100,3485,3479,0.02,0.0075
06.04.2021 08:17:56.561 GMT+0100,3485.3440000000005,3477.5740000000005,0.02,0.02
06.04.2021 08:17:57.607 GMT+0100,3485.303,3479,0.02,0.0075
06.04.2021 08:17:58.528 GMT+0100,3485.221,3478,0.02,0.02
06.04.2021 08:18:01.538 GMT+0100,3484.221,3477.82,0.0075,0.02
06.04.2021 08:18:05.701 GMT+0100,3483.385,3477.533,0.0075,0.0075
06.04.2021 08:18:05.751 GMT+0100,3483.426,3475.451,0.02,0.02
06.04.2021 08:18:08.398 GMT+0100,3483.385,3477.738,0.02,0.0075
06.04.2021 08:18:09.831 GMT+0100,3484.303,3477.7790000000005,0.02,0.02
06.04.2021 08:18:10.783 GMT+0100,3482.1800000000003,3477.697,0.0075,0.02
06.04.2021 08:18:49.541 GMT+0100,3480.467,3477.5740000000005,0.02,0.02
06.04.2021 08:19:06.636 GMT+0100,3480.262,3475.6150000000002,0.02,0.02
06.04.2021 08:19:34.955 GMT+0100,3480.3440000000005,3476.82,0.02,0.02
06.04.2021 08:19:35.517 GMT+0100,3480.385,3475.492,0.02,0.02
06.04.2021 08:19:43.753 GMT+0100,3480.3440000000005,3476.451,0.02,0.02
06.04.2021 08:19:48.830 GMT+0100,3480.262,3476,0.02,0.02
06.04.2021 08:19:51.106 GMT+0100,3481,3475.656,0.02,0.02
06.04.2021 08:19:52.416 GMT+0100,3482.508,3475.5740000000005,0.02,0.02
06.04.2021 08:19:52.677 GMT+0100,3481.5490000000004,3475.5740000000005,0.02,0.02
06.04.2021 08:20:08.342 GMT+0100,3481.5490000000004,3476.492,0.02,0.0075
06.04.2021 08:20:16.869 GMT+0100,3481.426,3476,0.02,0.02
06.04.2021 08:20:17.779 GMT+0100,3481.426,3476.5740000000005,0.02,0.0075
06.04.2021 08:20:26.375 GMT+0100,3480.467,3476.7790000000005,0.0075,0.02
06.04.2021 08:20:43.777 GMT+0100,3479.385,3476.738,0.0075,0.0075
06.04.2021 08:20:43.827 GMT+0100,3480.303,3473.492,0.02,0.02
06.04.2021 08:20:44.206 GMT+0100,3478.262,3473.533,0.0075,0.02
06.04.2021 08:21:15.660 GMT+0100,3478.426,3475,0.02,0.02
06.04.2021 08:21:18.209 GMT+0100,3481.3440000000005,3474.5740000000005,0.02,0.02
06.04.2021 08:21:18.259 GMT+0100,3482.262,3475.656,0.02,0.02
06.04.2021 08:21:19.042 GMT+0100,3482.3440000000005,3477.82,0.02,0.0075
06.04.2021 08:21:20.134 GMT+0100,3480.221,3477.82,0.0075,0.0075
06.04.2021 08:21:20.185 GMT+0100,3480,3475.5740000000005,0.02,0.02
06.04.2021 08:21:21.237 GMT+0100,3480.5490000000004,3475,0.02,0.02
06.04.2021 08:21:24.616 GMT+0100,3480.3440000000005,3475.451,0.02,0.0075
06.04.2021 08:21:30.637 GMT+0100,3480.467,3474.738,0.02,0.02
06.04.2021 08:21:31.312 GMT+0100,3480,3475.533,0.02,0.02
06.04.2021 08:21:41.325 GMT+0100,3480.426,3476.5740000000005,0.0075,0.0075
06.04.2021 08:21:41.375 GMT+0100,3482.3440000000005,3476.6150000000002,0.02,0.02
06.04.2021 08:21:43.851 GMT+0100,3483.1800000000003,3476.656,0.02,0.02
06.04.2021 08:21:56.351 GMT+0100,3482.262,3476.7790000000005,0.0075,0.02
06.04.2021 08:21:58.091 GMT+0100,3483.385,3477,0.02,0.02
06.04.2021 08:21:58.729 GMT+0100,3482.1800000000003,3476.697,0.0075,0.02
06.04.2021 08:21:59.800 GMT+0100,3483.1800000000003,3477,0.02,0.02
06.04.2021 08:22:04.017 GMT+0100,3482.5490000000004,3476.697,0.02,0.02
06.04.2021 08:22:05.013 GMT+0100,3481.5490000000004,3476.738,0.0075,0.0075
06.04.2021 08:22:05.063 GMT+0100,3481.426,3474.492,0.02,0.02
06.04.2021 08:22:05.174 GMT+0100,3481.467,3473.451,0.02,0.02
06.04.2021 08:22:05.368 GMT+0100,3481.3440000000005,3474.656,0.02,0.02
06.04.2021 08:22:18.058 GMT+0100,3480.221,3474.7790000000005,0.0075,0.02
06.04.2021 08:22:18.109 GMT+0100,3480.508,3473.7790000000005,0.02,0.02
06.04.2021 08:22:27.966 GMT+0100,3480.221,3474.492,0.02,0.0075
06.04.2021 08:22:28.209 GMT+0100,3480.508,3473.6150000000002,0.02,0.02
06.04.2021 08:22:28.757 GMT+0100,3480.385,3474.656,0.02,0.0075
06.04.2021 08:22:49.771 GMT+0100,3481.3440000000005,3475,0.02,0.02
06.04.2021 08:23:02.558 GMT+0100,3481.385,3475.5740000000005,0.0075,0.0075
06.04.2021 08:23:02.609 GMT+0100,3482.221,3475.533,0.02,0.02
06.04.2021 08:23:04.182 GMT+0100,3483.467,3475.6150000000002,0.02,0.02
06.04.2021 08:23:09.581 GMT+0100,3482.1800000000003,3475.738,0.0075,0.02
06.04.2021 08:23:10.821 GMT+0100,3483.508,3475.7790000000005,0.02,0.02
06.04.2021 08:23:10.916 GMT+0100,3482.5490000000004,3475.82,0.0075,0.02
06.04.2021 08:23:11.832 GMT+0100,3483,3475.6150000000002,0.02,0.02
06.04.2021 08:23:12.093 GMT+0100,3483.426,3478,0.02,0.02
06.04.2021 08:23:17.444 GMT+0100,3482.303,3477.451,0.0075,0.02
06.04.2021 08:23:19.052 GMT+0100,3483.221,3477.5740000000005,0.02,0.02
06.04.2021 08:23:33.324 GMT+0100,3482.1800000000003,3477.82,0.0075,0.02
06.04.2021 08:23:38.775 GMT+0100,3483.508,3477.533,0.02,0.02
06.04.2021 08:23:43.890 GMT+0100,3482.426,3477.697,0.0075,0.02
06.04.2021 08:23:49.343 GMT+0100,3483.467,3477.82,0.02,0.02
06.04.2021 08:23:57.859 GMT+0100,3482.426,3477.656,0.0075,0.02
06.04.2021 08:23:58.030 GMT+0100,3483,3478,0.02,0.02
06.04.2021 08:23:58.081 GMT+0100,3482.262,3477.82,0.02,0.02
06.04.2021 08:23:58.296 GMT+0100,3483.1800000000003,3477.738,0.02,0.02
06.04.2021 08:23:58.357 GMT+0100,3482.467,3477.533,0.0075,0.02
06.04.2021 08:23:58.486 GMT+0100,3483.262,3477.5740000000005,0.02,0.02
06.04.2021 08:23:59.330 GMT+0100,3482.3440000000005,3477.5740000000005,0.0075,0.02
06.04.2021 08:24:00.077 GMT+0100,3483.221,3477.697,0.02,0.02
06.04.2021 08:24:25.140 GMT+0100,3482.467,3477.533,0.0075,0.02
06.04.2021 08:24:58.120 GMT+0100,3483.262,3477.697,0.02,0.02
06.04.2021 08:24:58.170 GMT+0100,3485.385,3479.82,0.02,0.02
06.04.2021 08:24:58.278 GMT+0100,3485.467,3480.451,0.02,0.02
06.04.2021 08:24:59.617 GMT+0100,3486,3480.533,0.02,0.02
06.04.2021 08:24:59.864 GMT+0100,3486.1800000000003,3479.451,0.02,0.02
06.04.2021 08:25:00.642 GMT+0100,3486.262,3482.656,0.02,0.02
06.04.2021 08:25:01.221 GMT+0100,3487.303,3482.492,0.02,0.02
06.04.2021 08:25:01.542 GMT+0100,3486.426,3483,0.0075,0.02
06.04.2021 08:25:01.643 GMT+0100,3487.303,3482.656,0.02,0.02
06.04.2021 08:25:02.018 GMT+0100,3486.5490000000004,3482.5740000000005,0.02,0.02
06.04.2021 08:25:02.179 GMT+0100,3487.303,3483,0.02,0.02
06.04.2021 08:25:03.079 GMT+0100,3486.1800000000003,3483,0.0075,0.02
06.04.2021 08:25:05.154 GMT+0100,3487.5490000000004,3482.738,0.02,0.02
06.04.2021 08:25:05.255 GMT+0100,3487.426,3483.697,0.02,0.02
06.04.2021 08:25:05.916 GMT+0100,3484.426,3483.75,0.0075,0.0075
06.04.2021 08:25:05.967 GMT+0100,3484.221,3479.492,0.02,0.02
06.04.2021 08:25:06.067 GMT+0100,3483.5490000000004,3476.697,0.02,0.02
06.04.2021 08:25:08.540 GMT+0100,3483,3477.492,0.02,0.0075
06.04.2021 08:25:08.956 GMT+0100,3484.508,3478.7790000000005,0.02,0.02
06.04.2021 08:25:10.807 GMT+0100,3484.221,3479.7790000000005,0.0075,0.0075
06.04.2021 08:25:10.857 GMT+0100,3485.426,3480,0.02,0.02
06.04.2021 08:25:13.967 GMT+0100,3484.3440000000005,3479.82,0.0075,0.02
06.04.2021 08:25:14.068 GMT+0100,3484.262,3478.451,0.02,0.02
06.04.2021 08:25:22.556 GMT+0100,3484.385,3479.451,0.02,0.0075
06.04.2021 08:25:23.246 GMT+0100,3484.508,3478.697,0.02,0.02
06.04.2021 08:25:27.295 GMT+0100,3484.303,3479.7790000000005,0.02,0.0075
06.04.2021 08:25:33.176 GMT+0100,3484.3440000000005,3480.656,0.0075,0.0075
06.04.2021 08:25:33.227 GMT+0100,3487.5490000000004,3481,0.02,0.02
06.04.2021 08:25:35.037 GMT+0100,3486.385,3480.5740000000005,0.0075,0.02
06.04.2021 08:25:58.516 GMT+0100,3485,3480.451,0.0075,0.0075
06.04.2021 08:25:58.567 GMT+0100,3485.1800000000003,3478.697,0.02,0.02
06.04.2021 08:26:14.545 GMT+0100,3485.5490000000004,3479.6150000000002,0.02,0.02
06.04.2021 08:26:15.864 GMT+0100,3487.467,3480.656,0.02,0.02
06.04.2021 08:26:16.064 GMT+0100,3487.385,3482.451,0.02,0.0075
06.04.2021 08:26:20.597 GMT+0100,3488,3482.533,0.02,0.02
06.04.2021 08:26:24.772 GMT+0100,3487.221,3482.6150000000002,0.0075,0.02
06.04.2021 08:26:27.655 GMT+0100,3488.262,3483,0.02,0.02
06.04.2021 08:26:29.712 GMT+0100,3487.5490000000004,3482.697,0.0075,0.02
06.04.2021 08:26:30.324 GMT+0100,3487,3483.697,0.0075,0.0075
06.04.2021 08:26:30.374 GMT+0100,3488.1800000000003,3483.492,0.02,0.02
06.04.2021 08:26:31.032 GMT+0100,3487.303,3483.5740000000005,0.0075,0.02
06.04.2021 08:26:31.396 GMT+0100,3488.467,3483.82,0.02,0.02
06.04.2021 08:26:32.296 GMT+0100,3487,3483.492,0.0075,0.02
06.04.2021 08:26:51.555 GMT+0100,3489.1800000000003,3483.6150000000002,0.02,0.02
06.04.2021 08:26:52.387 GMT+0100,3488.221,3483.7790000000005,0.0075,0.02
06.04.2021 08:26:53.536 GMT+0100,3488.303,3484.5740000000005,0.02,0.0075
06.04.2021 08:27:04.100 GMT+0100,3488.262,3485.492,0.02,0.02
06.04.2021 08:27:05.450 GMT+0100,3490.221,3485.492,0.02,0.02
06.04.2021 08:27:05.782 GMT+0100,3490.262,3484.697,0.02,0.02
06.04.2021 08:27:07.582 GMT+0100,3490.426,3485.738,0.02,0.0075
06.04.2021 08:27:08.417 GMT+0100,3490.5490000000004,3486.533,0.02,0.02
06.04.2021 08:27:40.304 GMT+0100,3490.5490000000004,3488,0.0075,0.0075
06.04.2021 08:27:40.354 GMT+0100,3491.303,3487.492,0.02,0.02
06.04.2021 08:27:45.336 GMT+0100,3490.303,3487.697,0.0075,0.02
06.04.2021 08:27:46.573 GMT+0100,3490.262,3488.492,0.02,0.0075
06.04.2021 08:27:48.957 GMT+0100,3490.385,3484.533,0.02,0.02
06.04.2021 08:27:54.563 GMT+0100,3491.1800000000003,3486.7790000000005,0.02,0.02
06.04.2021 08:27:54.664 GMT+0100,3491.262,3487.492,0.02,0.02
06.04.2021 08:28:09.591 GMT+0100,3490.303,3484.451,0.02,0.02
06.04.2021 08:28:09.833 GMT+0100,3491.303,3485.451,0.02,0.02
06.04.2021 08:28:11.564 GMT+0100,3491.262,3488,0.02,0.0075
06.04.2021 08:28:11.665 GMT+0100,3491.303,3486.492,0.02,0.02
06.04.2021 08:28:11.720 GMT+0100,3491.5490000000004,3487.5740000000005,0.02,0.0075
06.04.2021 08:28:13.056 GMT+0100,3491.3440000000005,3485.738,0.02,0.02
06.04.2021 08:28:13.942 GMT+0100,3489.385,3484.492,0.02,0.02
06.04.2021 08:28:13.992 GMT+0100,3490.221,3484.451,0.02,0.02
06.04.2021 08:28:19.725 GMT+0100,3490.1800000000003,3486.7790000000005,0.02,0.0075
06.04.2021 08:28:19.886 GMT+0100,3490.303,3485.533,0.02,0.02
06.04.2021 08:28:24.074 GMT+0100,3490.508,3484.6150000000002,0.02,0.02
06.04.2021 08:28:24.392 GMT+0100,3489.5490000000004,3484.451,0.02,0.02
06.04.2021 08:28:24.517 GMT+0100,3490.3440000000005,3484.7790000000005,0.02,0.02
06.04.2021 08:28:33.996 GMT+0100,3489,3484.492,0.0075,0.0075
06.04.2021 08:28:34.047 GMT+0100,3489.5490000000004,3483.656,0.02,0.02
06.04.2021 08:28:34.198 GMT+0100,3490.467,3483.533,0.02,0.02
06.04.2021 08:28:34.248 GMT+0100,3489.508,3484,0.02,0.02
06.04.2021 08:28:35.602 GMT+0100,3490.221,3484.6150000000002,0.02,0.02
06.04.2021 08:28:36.571 GMT+0100,3490.5490000000004,3485.656,0.02,0.02
06.04.2021 08:28:36.946 GMT+0100,3490.5490000000004,3484.656,0.02,0.02
06.04.2021 08:28:41.912 GMT+0100,3490.426,3485.656,0.02,0.02
06.04.2021 08:28:43.411 GMT+0100,3490.3440000000005,3485,0.02,0.02
06.04.2021 08:28:51.033 GMT+0100,3490.508,3485.492,0.02,0.0075
06.04.2021 08:28:54.675 GMT+0100,3490.5490000000004,3485,0.02,0.02
06.04.2021 08:28:54.904 GMT+0100,3490.303,3486.451,0.02,0.0075
06.04.2021 08:28:57.652 GMT+0100,3490.508,3487.492,0.02,0.02
06.04.2021 08:29:00.235 GMT+0100,3491.385,3487.656,0.02,0.02
06.04.2021 08:29:00.285 GMT+0100,3490.221,3488,0.02,0.02
06.04.2021 08:29:00.386 GMT+0100,3491.262,3487.7790000000005,0.02,0.02
06.04.2021 08:29:41.906 GMT+0100,3491.303,3488.697,0.02,0.02
06.04.2021 08:30:04.590 GMT+0100,3490.3440000000005,3488.656,0.0075,0.0075
06.04.2021 08:30:04.640 GMT+0100,3490.467,3487.82,0.02,0.02
06.04.2021 08:30:05.134 GMT+0100,3489.385,3486.738,0.02,0.02
06.04.2021 08:30:05.284 GMT+0100,3490.262,3484.82,0.02,0.02
06.04.2021 08:30:05.335 GMT+0100,3490.467,3485.82,0.02,0.02
06.04.2021 08:30:05.385 GMT+0100,3490.5490000000004,3484.7790000000005,0.02,0.02
06.04.2021 08:30:05.626 GMT+0100,3490.3440000000005,3485.697,0.02,0.0075
06.04.2021 08:30:06.614 GMT+0100,3490.1800000000003,3486.7790000000005,0.02,0.02
06.04.2021 08:30:11.258 GMT+0100,3489.385,3486.656,0.02,0.02
06.04.2021 08:30:11.442 GMT+0100,3490.262,3486.6150000000002,0.02,0.02
06.04.2021 08:30:21.177 GMT+0100,3489.3440000000005,3486,0.02,0.02
06.04.2021 08:30:21.228 GMT+0100,3490,3485.656,0.02,0.02
06.04.2021 08:30:21.734 GMT+0100,3489.262,3485.451,0.0075,0.02
06.04.2021 08:30:23.236 GMT+0100,3490.262,3485.5740000000005,0.02,0.02
06.04.2021 08:30:23.308 GMT+0100,3490.221,3486.656,0.02,0.02
06.04.2021 08:30:34.456 GMT+0100,3491.385,3487,0.02,0.02
06.04.2021 08:30:34.506 GMT+0100,3491.467,3488.6150000000002,0.02,0.02
06.04.2021 08:30:34.648 GMT+0100,3491.3440000000005,3485.7790000000005,0.02,0.02
06.04.2021 08:30:34.813 GMT+0100,3491.385,3487.738,0.02,0.0075
06.04.2021 08:30:34.951 GMT+0100,3490.385,3487.656,0.02,0.02
06.04.2021 08:30:36.083 GMT+0100,3491.221,3486.6150000000002,0.02,0.02
06.04.2021 08:30:37.867 GMT+0100,3490.467,3485.451,0.02,0.02
06.04.2021 08:30:38.011 GMT+0100,3491.221,3486,0.02,0.02
06.04.2021 08:30:38.061 GMT+0100,3490.5490000000004,3487.492,0.02,0.02
06.04.2021 08:30:38.112 GMT+0100,3491.221,3487.492,0.02,0.02
06.04.2021 08:30:39.045 GMT+0100,3490.5490000000004,3487.533,0.02,0.02
06.04.2021 08:30:54.966 GMT+0100,3489.385,3487.738,0.0075,0.0075
06.04.2021 08:30:55.017 GMT+0100,3488.467,3485,0.02,0.02
06.04.2021 08:30:55.117 GMT+0100,3489.3440000000005,3484.6150000000002,0.02,0.02
06.04.2021 08:31:00.389 GMT+0100,3489.467,3485.5740000000005,0.02,0.0075
06.04.2021 08:31:00.558 GMT+0100,3489.3440000000005,3483.5740000000005,0.02,0.02
06.04.2021 08:31:02.512 GMT+0100,3489.221,3485.82,0.02,0.0075
06.04.2021 08:31:35.024 GMT+0100,3489.385,3486.738,0.02,0.0075
06.04.2021 08:31:35.125 GMT+0100,3489.1800000000003,3485.738,0.02,0.02
06.04.2021 08:31:42.996 GMT+0100,3488.303,3485.738,0.02,0.02
06.04.2021 08:31:46.947 GMT+0100,3488.5490000000004,3483.5740000000005,0.02,0.02
06.04.2021 08:31:47.245 GMT+0100,3487.262,3484,0.02,0.02
06.04.2021 08:31:56.096 GMT+0100,3486.385,3483.697,0.02,0.02
06.04.2021 08:31:56.146 GMT+0100,3486.5490000000004,3482.6150000000002,0.02,0.02
06.04.2021 08:31:56.197 GMT+0100,3487.262,3482.6150000000002,0.02,0.02
06.04.2021 08:32:00.502 GMT+0100,3488.262,3482.656,0.02,0.02
06.04.2021 08:32:03.234 GMT+0100,3487.5490000000004,3482.6150000000002,0.0075,0.02
06.04.2021 08:32:03.285 GMT+0100,3488.221,3482.7790000000005,0.02,0.02
06.04.2021 08:32:13.194 GMT+0100,3488.508,3483.82,0.02,0.02
06.04.2021 08:32:13.319 GMT+0100,3489.303,3483.533,0.02,0.02
06.04.2021 08:32:16.129 GMT+0100,3488.221,3483.656,0.02,0.02
06.04.2021 08:32:16.179 GMT+0100,3488.5490000000004,3483,0.02,0.02
06.04.2021 08:32:18.151 GMT+0100,3488.1800000000003,3483.6150000000002,0.02,0.02
06.04.2021 08:32:18.252 GMT+0100,3488.508,3485,0.02,0.02
06.04.2021 08:32:18.302 GMT+0100,3489.385,3482.656,0.02,0.02
06.04.2021 08:32:18.352 GMT+0100,3489.221,3483.6150000000002,0.02,0.02
06.04.2021 08:32:22.521 GMT+0100,3488.1800000000003,3484,0.0075,0.02
06.04.2021 08:32:26.761 GMT+0100,3487.508,3483.7790000000005,0.0075,0.02
06.04.2021 08:32:31.202 GMT+0100,3488.467,3483.697,0.02,0.02
06.04.2021 08:32:38.236 GMT+0100,3487.3440000000005,3483.6150000000002,0.0075,0.02
06.04.2021 08:32:53.303 GMT+0100,3487.385,3482.451,0.02,0.02
06.04.2021 08:33:01.616 GMT+0100,3487.303,3483.6150000000002,0.02,0.0075
06.04.2021 08:33:22.039 GMT+0100,3487.467,3483,0.02,0.02
06.04.2021 08:33:22.118 GMT+0100,3487.3440000000005,3484.5740000000005,0.02,0.0075
06.04.2021 08:33:59.043 GMT+0100,3488.262,3484.6150000000002,0.02,0.02
06.04.2021 08:33:59.096 GMT+0100,3488.303,3485.5740000000005,0.02,0.02
06.04.2021 08:34:10.343 GMT+0100,3488.303,3487,0.0075,0.0075
06.04.2021 08:34:10.394 GMT+0100,3490.303,3486.6150000000002,0.02,0.02
06.04.2021 08:34:41.564 GMT+0100,3491.221,3486.6150000000002,0.02,0.02
06.04.2021 08:34:47.213 GMT+0100,3490.3440000000005,3486.656,0.0075,0.02
06.04.2021 08:34:47.428 GMT+0100,3491.1800000000003,3486.656,0.02,0.02
06.04.2021 08:34:47.529 GMT+0100,3490.1800000000003,3486.492,0.02,0.02
06.04.2021 08:34:48.088 GMT+0100,3491.508,3486.738,0.02,0.02
06.04.2021 08:34:48.857 GMT+0100,3490.426,3486.6150000000002,0.0075,0.02
06.04.2021 08:34:49.163 GMT+0100,3490.221,3488,0.02,0.0075
06.04.2021 08:34:49.213 GMT+0100,3491.303,3487.492,0.02,0.02
06.04.2021 08:34:52.400 GMT+0100,3491.508,3488.451,0.02,0.0075
06.04.2021 08:34:56.382 GMT+0100,3491.385,3486.492,0.02,0.02
06.04.2021 08:34:58.336 GMT+0100,3491.467,3487.7790000000005,0.02,0.0075
06.04.2021 08:35:02.653 GMT+0100,3492.5490000000004,3487.82,0.02,0.02
06.04.2021 08:35:02.753 GMT+0100,3494.5490000000004,3490.82,0.02,0.02
06.04.2021 08:35:06.096 GMT+0100,3492.467,3490.656,0.0075,0.02
06.04.2021 08:35:06.224 GMT+0100,3492.3440000000005,3487.7790000000005,0.02,0.02
06.04.2021 08:35:09.216 GMT+0100,3492.1800000000003,3491,0.02,0.02
06.04.2021 08:35:09.368 GMT+0100,3492.303,3487.656,0.02,0.02
06.04.2021 08:35:20.896 GMT+0100,3492.3440000000005,3490.533,0.02,0.0075
06.04.2021 08:35:22.667 GMT+0100,3492.385,3487.533,0.02,0.02
06.04.2021 08:35:24.234 GMT+0100,3492.508,3488.738,0.02,0.0075
06.04.2021 08:35:24.636 GMT+0100,3492.303,3490.738,0.02,0.0075
06.04.2021 08:35:24.737 GMT+0100,3492.508,3488.738,0.02,0.02
06.04.2021 08:35:26.843 GMT+0100,3492.3440000000005,3490.738,0.02,0.02
06.04.2021 08:35:26.966 GMT+0100,3492.5490000000004,3487.656,0.02,0.02
06.04.2021 08:35:28.858 GMT+0100,3492.262,3490.75,0.02,0.0075
06.04.2021 08:35:28.958 GMT+0100,3492.3440000000005,3487.451,0.02,0.02
06.04.2021 08:35:30.898 GMT+0100,3492.385,3490.5740000000005,0.02,0.0075
06.04.2021 08:35:36.170 GMT+0100,3492,3487.533,0.02,0.02
06.04.2021 08:35:36.220 GMT+0100,3491.426,3487.492,0.02,0.02
06.04.2021 08:35:36.593 GMT+0100,3492.303,3487.451,0.02,0.02
06.04.2021 08:35:37.848 GMT+0100,3492.3440000000005,3489.5740000000005,0.02,0.0075
06.04.2021 08:35:37.899 GMT+0100,3495.262,3491.533,0.02,0.02
06.04.2021 08:35:37.982 GMT+0100,3497.508,3492.5740000000005,0.02,0.02
06.04.2021 08:35:38.032 GMT+0100,3496.508,3491.697,0.02,0.02
06.04.2021 08:35:38.133 GMT+0100,3496.303,3492.738,0.02,0.02
06.04.2021 08:35:43.227 GMT+0100,3495.426,3492.656,0.02,0.02
06.04.2021 08:35:43.378 GMT+0100,3494,3492.492,0.02,0.02
06.04.2021 08:36:03.428 GMT+0100,3498.262,3492.82,0.02,0.02
06.04.2021 08:36:04.633 GMT+0100,3498.385,3493.7790000000005,0.0075,0.0075
06.04.2021 08:36:04.683 GMT+0100,3499.426,3493.5740000000005,0.02,0.02
06.04.2021 08:36:08.435 GMT+0100,3500,3493.451,0.02,0.02
06.04.2021 08:36:08.492 GMT+0100,3500.426,3494.7790000000005,0.02,0.0075
06.04.2021 08:36:08.593 GMT+0100,3501.385,3495.82,0.02,0.02
06.04.2021 08:36:08.813 GMT+0100,3500.1800000000003,3495.697,0.0075,0.0075
06.04.2021 08:36:08.864 GMT+0100,3500.5490000000004,3494.451,0.02,0.02
06.04.2021 08:36:08.914 GMT+0100,3500.508,3495.533,0.02,0.02
06.04.2021 08:36:13.887 GMT+0100,3504.303,3497.492,0.02,0.02
06.04.2021 08:36:13.952 GMT+0100,3504.262,3499.451,0.02,0.0075
06.04.2021 08:36:14.116 GMT+0100,3505.262,3499.82,0.02,0.02
06.04.2021 08:36:16.838 GMT+0100,3504.426,3499.451,0.02,0.02
06.04.2021 08:36:23.763 GMT+0100,3505.385,3499.738,0.02,0.02
06.04.2021 08:36:35.656 GMT+0100,3507.3440000000005,3500.451,0.02,0.02
06.04.2021 08:36:35.706 GMT+0100,3507.262,3501.656,0.02,0.02
06.04.2021 08:36:38.349 GMT+0100,3506.262,3501.82,0.0075,0.0075
06.04.2021 08:36:38.399 GMT+0100,3506.467,3500.6150000000002,0.02,0.02
06.04.2021 08:36:38.912 GMT+0100,3506.385,3501.451,0.02,0.0075
06.04.2021 08:36:49.529 GMT+0100,3505.508,3501.738,0.0075,0.02
06.04.2021 08:36:50.541 GMT+0100,3504.5490000000004,3501.738,0.0075,0.02
06.04.2021 08:36:55.067 GMT+0100,3505.508,3501.5740000000005,0.02,0.02
06.04.2021 08:36:55.167 GMT+0100,3507.1800000000003,3501.656,0.02,0.02
06.04.2021 08:36:55.218 GMT+0100,3505,3501.492,0.02,0.02
06.04.2021 08:36:56.388 GMT+0100,3506.262,3501.7790000000005,0.02,0.02
06.04.2021 08:37:52.727 GMT+0100,3507,3501.656,0.02,0.02
06.04.2021 08:38:02.970 GMT+0100,3507.385,3503,0.0075,0.0075
06.04.2021 08:38:03.021 GMT+0100,3508.426,3502.533,0.02,0.02
06.04.2021 08:38:03.681 GMT+0100,3508.385,3504.656,0.02,0.0075
06.04.2021 08:38:07.626 GMT+0100,3508.385,3505.738,0.02,0.0075
06.04.2021 08:38:10.185 GMT+0100,3510.5490000000004,3505.738,0.02,0.02
06.04.2021 08:38:10.300 GMT+0100,3509.5490000000004,3505.697,0.0075,0.02
06.04.2021 08:38:16.764 GMT+0100,3508.1800000000003,3505.492,0.0075,0.0075
06.04.2021 08:38:16.814 GMT+0100,3508.262,3504.738,0.02,0.02
06.04.2021 08:38:16.869 GMT+0100,3507,3504.451,0.02,0.02
06.04.2021 08:39:43.638 GMT+0100,3506.426,3504.533,0.0075,0.0075
06.04.2021 08:39:43.689 GMT+0100,3506.221,3503.656,0.02,0.02
06.04.2021 08:39:43.739 GMT+0100,3505.262,3503.5740000000005,0.02,0.02
06.04.2021 08:39:43.950 GMT+0100,3505.262,3501.533,0.02,0.02
06.04.2021 08:39:44.000 GMT+0100,3504.5490000000004,3501.533,0.02,0.02
06.04.2021 08:39:44.180 GMT+0100,3505.5490000000004,3501.656,0.02,0.02
06.04.2021 08:39:44.296 GMT+0100,3505.508,3502.6150000000002,0.02,0.0075
06.04.2021 08:39:48.674 GMT+0100,3505.5490000000004,3504,0.0075,0.0075
06.04.2021 08:39:48.724 GMT+0100,3506.221,3502.738,0.02,0.02
06.04.2021 08:39:48.825 GMT+0100,3507.221,3504.5740000000005,0.02,0.02
06.04.2021 08:39:48.875 GMT+0100,3508.1800000000003,3504.697,0.02,0.02
06.04.2021 08:39:49.154 GMT+0100,3508.508,3503.533,0.02,0.02
06.04.2021 08:39:49.880 GMT+0100,3508,3502.697,0.02,0.02
06.04.2021 08:39:50.512 GMT+0100,3508.303,3503.6150000000002,0.02,0.0075
06.04.2021 08:39:57.415 GMT+0100,3508,3502.533,0.02,0.02
06.04.2021 08:40:05.296 GMT+0100,3508.5490000000004,3503.451,0.02,0.02
06.04.2021 08:40:05.982 GMT+0100,3508,3502.7790000000005,0.02,0.02
06.04.2021 08:40:08.876 GMT+0100,3508.303,3503.6150000000002,0.02,0.0075
06.04.2021 08:40:10.734 GMT+0100,3508.221,3502.5740000000005,0.02,0.02
06.04.2021 08:40:11.650 GMT+0100,3508.221,3503.7790000000005,0.02,0.02
06.04.2021 08:40:12.264 GMT+0100,3508.221,3502.656,0.02,0.02
06.04.2021 08:40:21.062 GMT+0100,3507.262,3502.451,0.0075,0.02
06.04.2021 08:40:24.737 GMT+0100,3507.262,3501.451,0.02,0.02
06.04.2021 08:40:25.324 GMT+0100,3507.385,3502.492,0.02,0.0075
06.04.2021 08:40:28.845 GMT+0100,3507.5490000000004,3501.7790000000005,0.02,0.02
06.04.2021 08:40:29.800 GMT+0100,3507.426,3502.492,0.02,0.0075
06.04.2021 08:40:36.080 GMT+0100,3508.508,3503.697,0.02,0.02
06.04.2021 08:40:36.180 GMT+0100,3511.262,3506,0.02,0.02
06.04.2021 08:40:36.329 GMT+0100,3510.5490000000004,3505.533,0.0075,0.0075
06.04.2021 08:40:36.379 GMT+0100,3510.426,3504.533,0.02,0.02
06.04.2021 08:40:37.546 GMT+0100,3510.467,3505.697,0.02,0.0075
06.04.2021 08:40:38.196 GMT+0100,3510.5490000000004,3504.738,0.02,0.02
06.04.2021 08:40:38.457 GMT+0100,3510.221,3506,0.02,0.0075
06.04.2021 08:40:38.508 GMT+0100,3510.262,3504.533,0.02,0.02
06.04.2021 08:40:38.558 GMT+0100,3510.1800000000003,3506.738,0.02,0.02
06.04.2021 08:40:52.040 GMT+0100,3509.3440000000005,3506.7790000000005,0.0075,0.0075
06.04.2021 08:40:52.091 GMT+0100,3505.385,3501.451,0.02,0.02
06.04.2021 08:41:01.088 GMT+0100,3509.262,3504.533,0.02,0.02
06.04.2021 08:41:01.138 GMT+0100,3507.1800000000003,3504.5740000000005,0.02,0.02
06.04.2021 08:41:01.189 GMT+0100,3507.508,3503.492,0.02,0.02
06.04.2021 08:41:01.338 GMT+0100,3507.262,3502.738,0.02,0.0075
06.04.2021 08:41:02.577 GMT+0100,3507.1800000000003,3503.533,0.02,0.02
06.04.2021 08:41:04.043 GMT+0100,3506.303,3503.451,0.0075,0.02
06.04.2021 08:41:13.783 GMT+0100,3502.5490000000004,3500,0.02,0.02
06.04.2021 08:41:13.889 GMT+0100,3503.385,3499.6150000000002,0.02,0.02
06.04.2021 08:41:13.939 GMT+0100,3502.5490000000004,3499.738,0.02,0.02
06.04.2021 08:41:57.980 GMT+0100,3501.221,3499.7790000000005,0.0075,0.0075
06.04.2021 08:41:58.030 GMT+0100,3498.262,3493.82,0.02,0.02
06.04.2021 08:41:58.081 GMT+0100,3498.508,3495.451,0.02,0.02
06.04.2021 08:42:49.702 GMT+0100,3497.5490000000004,3492.5740000000005,0.02,0.02
06.04.2021 08:42:49.810 GMT+0100,3497.467,3491.697,0.02,0.02
06.04.2021 08:42:49.860 GMT+0100,3496.221,3491.451,0.02,0.02
06.04.2021 08:42:52.713 GMT+0100,3496.221,3492.82,0.02,0.0075
06.04.2021 08:42:52.764 GMT+0100,3496.221,3491.533,0.02,0.02
06.04.2021 08:42:56.946 GMT+0100,3496.3440000000005,3492.492,0.02,0.0075
06.04.2021 08:42:57.046 GMT+0100,3496.508,3491.5740000000005,0.02,0.02
06.04.2021 08:43:04.106 GMT+0100,3496.221,3492.451,0.02,0.0075
06.04.2021 08:43:04.207 GMT+0100,3497.5490000000004,3492.697,0.02,0.02
06.04.2021 08:43:04.696 GMT+0100,3497.303,3494,0.02,0.0075
06.04.2021 08:43:07.912 GMT+0100,3496.467,3493.7790000000005,0.02,0.02
06.04.2021 08:44:17.237 GMT+0100,3496.221,3494.5740000000005,0.0075,0.0075
06.04.2021 08:44:17.287 GMT+0100,3499.508,3494.738,0.02,0.02
06.04.2021 08:44:17.337 GMT+0100,3498.303,3494.7790000000005,0.02,0.02
06.04.2021 08:44:18.814 GMT+0100,3497.303,3494.656,0.0075,0.0075
06.04.2021 08:44:18.864 GMT+0100,3497.262,3493.492,0.02,0.02
06.04.2021 08:44:21.150 GMT+0100,3496.3440000000005,3493.656,0.0075,0.02
06.04.2021 08:44:21.201 GMT+0100,3493.385,3488.492,0.02,0.02
06.04.2021 08:44:21.301 GMT+0100,3493.467,3488,0.02,0.02
06.04.2021 08:44:21.351 GMT+0100,3493.1800000000003,3489,0.02,0.02
06.04.2021 08:44:21.515 GMT+0100,3493.385,3487.451,0.02,0.02
06.04.2021 08:44:33.730 GMT+0100,3493.385,3488.451,0.02,0.0075
06.04.2021 08:44:35.653 GMT+0100,3493,3488,0.02,0.02
06.04.2021 08:44:40.528 GMT+0100,3492.5490000000004,3487.451,0.02,0.02
06.04.2021 08:44:41.106 GMT+0100,3491.385,3487.492,0.02,0.02
06.04.2021 08:44:46.096 GMT+0100,3489.262,3487.656,0.0075,0.0075
06.04.2021 08:44:46.146 GMT+0100,3489.426,3485.5740000000005,0.02,0.02
06.04.2021 08:44:46.400 GMT+0100,3490.5490000000004,3485.6150000000002,0.02,0.02
06.04.2021 08:44:48.730 GMT+0100,3489,3486,0.0075,0.02
06.04.2021 08:44:55.790 GMT+0100,3489.426,3486.5740000000005,0.02,0.0075
06.04.2021 08:44:55.840 GMT+0100,3490.262,3486.533,0.02,0.02
06.04.2021 08:44:55.991 GMT+0100,3490,3488.738,0.02,0.02
06.04.2021 08:44:56.140 GMT+0100,3493.5490000000004,3489.697,0.02,0.02
06.04.2021 08:44:56.191 GMT+0100,3493.5490000000004,3488.738,0.02,0.02
06.04.2021 08:44:56.241 GMT+0100,3492.303,3488.451,0.02,0.02
06.04.2021 08:45:04.609 GMT+0100,3491.3440000000005,3488.533,0.02,0.02
06.04.2021 08:45:44.983 GMT+0100,3490.1800000000003,3488.697,0.02,0.02
06.04.2021 08:45:45.987 GMT+0100,3491.508,3488.492,0.02,0.02
06.04.2021 08:45:46.669 GMT+0100,3490.3440000000005,3488.5740000000005,0.0075,0.02
06.04.2021 08:46:12.980 GMT+0100,3489,3487.492,0.02,0.02
06.04.2021 08:46:14.020 GMT+0100,3490.426,3487.656,0.02,0.02
06.04.2021 08:46:15.968 GMT+0100,3490.3440000000005,3485.451,0.02,0.02
06.04.2021 08:46:16.019 GMT+0100,3488.262,3483.738,0.02,0.02
06.04.2021 08:46:16.146 GMT+0100,3488.426,3484.533,0.02,0.02
06.04.2021 08:46:18.550 GMT+0100,3487.303,3484.5740000000005,0.0075,0.02
06.04.2021 08:46:18.747 GMT+0100,3487.303,3485.5740000000005,0.02,0.0075
06.04.2021 08:46:52.712 GMT+0100,3486.262,3484.7790000000005,0.02,0.02
06.04.2021 08:46:53.792 GMT+0100,3487,3484.6150000000002,0.02,0.02
06.04.2021 08:46:59.972 GMT+0100,3486.3440000000005,3484.82,0.02,0.02
06.04.2021 08:47:00.446 GMT+0100,3485.467,3481.82,0.02,0.02
06.04.2021 08:47:06.228 GMT+0100,3485.221,3480.533,0.02,0.02
06.04.2021 08:47:06.278 GMT+0100,3486.467,3481.82,0.02,0.02
06.04.2021 08:47:06.420 GMT+0100,3487.262,3481.697,0.02,0.02
06.04.2021 08:47:06.484 GMT+0100,3486.262,3481.5740000000005,0.0075,0.02
06.04.2021 08:47:06.625 GMT+0100,3485.221,3481.451,0.0075,0.0075
06.04.2021 08:47:06.725 GMT+0100,3485,3480.738,0.02,0.02
06.04.2021 08:47:07.725 GMT+0100,3486.426,3480.6150000000002,0.02,0.02
06.04.2021 08:47:07.784 GMT+0100,3485.508,3480.738,0.0075,0.02
06.04.2021 08:47:08.108 GMT+0100,3485.221,3481.533,0.02,0.02
06.04.2021 08:47:08.400 GMT+0100,3486.5490000000004,3480.5740000000005,0.02,0.02
06.04.2021 08:47:08.460 GMT+0100,3485.385,3480.533,0.0075,0.02
06.04.2021 08:47:08.772 GMT+0100,3485.303,3481.82,0.0075,0.0075
06.04.2021 08:47:08.822 GMT+0100,3486.508,3481.492,0.02,0.02
06.04.2021 08:47:12.217 GMT+0100,3485.467,3481.5740000000005,0.0075,0.0075
06.04.2021 08:47:12.268 GMT+0100,3485.221,3480.5740000000005,0.02,0.02
06.04.2021 08:47:16.047 GMT+0100,3484.5490000000004,3479.656,0.02,0.02
06.04.2021 08:47:19.896 GMT+0100,3484.5490000000004,3480.451,0.02,0.0075
06.04.2021 08:47:22.765 GMT+0100,3482.5490000000004,3478.738,0.02,0.02
06.04.2021 08:47:22.871 GMT+0100,3482.426,3478,0.02,0.02
06.04.2021 08:47:23.102 GMT+0100,3483,3478.656,0.02,0.02
06.04.2021 08:47:23.697 GMT+0100,3483.5490000000004,3477.6150000000002,0.02,0.02
06.04.2021 08:47:23.747 GMT+0100,3482.385,3478.697,0.02,0.02
06.04.2021 08:47:23.798 GMT+0100,3482.3440000000005,3477.533,0.02,0.02
06.04.2021 08:47:37.821 GMT+0100,3483.262,3477.738,0.02,0.02
06.04.2021 08:47:57.700 GMT+0100,3483.262,3479.451,0.0075,0.0075
06.04.2021 08:47:57.751 GMT+0100,3484.262,3479.738,0.02,0.02
06.04.2021 08:47:57.851 GMT+0100,3484.3440000000005,3481.738,0.02,0.02
06.04.2021 08:48:14.339 GMT+0100,3484.426,3482.656,0.0075,0.0075
06.04.2021 08:48:14.390 GMT+0100,3487.3440000000005,3482.82,0.02,0.02
06.04.2021 08:48:14.490 GMT+0100,3488.221,3481.492,0.02,0.02
06.04.2021 08:48:14.700 GMT+0100,3486.221,3481.6150000000002,0.0075,0.02
06.04.2021 08:48:14.896 GMT+0100,3486.262,3482.697,0.0075,0.0075
06.04.2021 08:48:14.946 GMT+0100,3487,3482.6150000000002,0.02,0.02
06.04.2021 08:48:14.997 GMT+0100,3486.221,3481.5740000000005,0.02,0.02
06.04.2021 08:48:15.378 GMT+0100,3486.1800000000003,3482.451,0.02,0.0075
06.04.2021 08:48:17.739 GMT+0100,3486.1800000000003,3481.533,0.02,0.02
06.04.2021 08:48:18.869 GMT+0100,3485.467,3481.697,0.0075,0.02
06.04.2021 08:48:40.971 GMT+0100,3482.5490000000004,3481.656,0.0075,0.0075
06.04.2021 08:48:41.021 GMT+0100,3482.262,3478.533,0.02,0.02
06.04.2021 08:48:41.507 GMT+0100,3481.426,3475.697,0.02,0.02
06.04.2021 08:48:43.946 GMT+0100,3481.426,3478.656,0.0075,0.0075
06.04.2021 08:48:43.996 GMT+0100,3483.385,3478.451,0.02,0.02
06.04.2021 08:48:50.431 GMT+0100,3482.508,3478.656,0.02,0.02
06.04.2021 08:48:50.585 GMT+0100,3483.385,3478.7790000000005,0.02,0.02
06.04.2021 08:48:50.938 GMT+0100,3482.303,3478.697,0.0075,0.02
06.04.2021 08:48:56.263 GMT+0100,3483.3440000000005,3478.5740000000005,0.02,0.02
06.04.2021 08:48:56.989 GMT+0100,3482.262,3479,0.02,0.02
06.04.2021 08:48:57.039 GMT+0100,3483.303,3478.7790000000005,0.02,0.02
06.04.2021 08:48:58.500 GMT+0100,3482.385,3478.5740000000005,0.0075,0.02
06.04.2021 08:48:59.104 GMT+0100,3482.1800000000003,3479.6150000000002,0.0075,0.0075
06.04.2021 08:48:59.154 GMT+0100,3484.426,3479.6150000000002,0.02,0.02
06.04.2021 08:49:00.044 GMT+0100,3483.303,3478.7790000000005,0.0075,0.02
06.04.2021 08:49:00.700 GMT+0100,3483.3440000000005,3479.7790000000005,0.02,0.02
06.04.2021 08:49:01.040 GMT+0100,3484.262,3479.697,0.02,0.02
06.04.2021 08:49:07.380 GMT+0100,3483.1800000000003,3479.7790000000005,0.0075,0.02
06.04.2021 08:49:07.431 GMT+0100,3482.426,3476.5740000000005,0.02,0.02
06.04.2021 08:49:09.822 GMT+0100,3481,3476.656,0.0075,0.02
06.04.2021 08:49:12.185 GMT+0100,3480.221,3476.738,0.02,0.0075
06.04.2021 08:49:12.236 GMT+0100,3480.221,3474.738,0.02,0.02
06.04.2021 08:49:15.760 GMT+0100,3480.467,3476,0.02,0.0075
06.04.2021 08:49:17.369 GMT+0100,3480.426,3474.7790000000005,0.02,0.02
06.04.2021 08:49:22.521 GMT+0100,3480.508,3475.738,0.02,0.0075
06.04.2021 08:49:22.621 GMT+0100,3481.385,3475.6150000000002,0.02,0.02
06.04.2021 08:49:23.741 GMT+0100,3480.508,3476,0.02,0.02
06.04.2021 08:49:29.882 GMT+0100,3481,3475.82,0.02,0.02
06.04.2021 08:49:39.577 GMT+0100,3481,3477.738,0.02,0.0075
06.04.2021 08:49:39.627 GMT+0100,3481,3476.82,0.02,0.02
06.04.2021 08:49:39.704 GMT+0100,3479,3476.738,0.0075,0.0075
06.04.2021 08:49:39.754 GMT+0100,3481.221,3476.656,0.02,0.02
06.04.2021 08:49:40.300 GMT+0100,3482.467,3476.82,0.02,0.02
06.04.2021 08:49:40.604 GMT+0100,3482.508,3478,0.0075,0.0075
06.04.2021 08:49:40.654 GMT+0100,3483.221,3477.656,0.02,0.02
06.04.2021 08:49:40.704 GMT+0100,3483.5490000000004,3478.82,0.02,0.02
06.04.2021 08:49:41.954 GMT+0100,3482.467,3478.656,0.0075,0.02
06.04.2021 08:49:42.004 GMT+0100,3483.3440000000005,3478.656,0.02,0.02
06.04.2021 08:49:47.890 GMT+0100,3484.262,3478.82,0.02,0.02
06.04.2021 08:49:48.120 GMT+0100,3484.385,3479.82,0.0075,0.0075
06.04.2021 08:49:48.170 GMT+0100,3485,3479.533,0.02,0.02
06.04.2021 08:49:48.271 GMT+0100,3485.467,3480.533,0.02,0.02
06.04.2021 08:49:48.712 GMT+0100,3484.1800000000003,3480.656,0.0075,0.02
06.04.2021 08:49:48.865 GMT+0100,3485,3480.697,0.02,0.02
06.04.2021 08:49:59.029 GMT+0100,3483.3440000000005,3480.6150000000002,0.0075,0.0075
06.04.2021 08:49:59.079 GMT+0100,3483.426,3478.82,0.02,0.02
06.04.2021 08:50:05.035 GMT+0100,3483.262,3479.82,0.0075,0.0075
06.04.2021 08:50:05.085 GMT+0100,3484.3440000000005,3479.6150000000002,0.02,0.02
06.04.2021 08:50:05.214 GMT+0100,3484.221,3478.5740000000005,0.02,0.02
06.04.2021 08:50:06.036 GMT+0100,3482.262,3478.697,0.0075,0.02
06.04.2021 08:50:11.129 GMT+0100,3482.508,3480,0.02,0.02
06.04.2021 08:50:11.230 GMT+0100,3480.467,3477.738,0.02,0.02
06.04.2021 08:50:11.754 GMT+0100,3482.508,3478.492,0.02,0.02
06.04.2021 08:50:15.798 GMT+0100,3484.467,3478.7790000000005,0.02,0.02
06.04.2021 08:50:15.848 GMT+0100,3484.5490000000004,3479.656,0.02,0.02
06.04.2021 08:50:21.051 GMT+0100,3483.426,3479.451,0.0075,0.0075
06.04.2021 08:50:21.101 GMT+0100,3483.467,3478.6150000000002,0.02,0.02
06.04.2021 08:50:21.152 GMT+0100,3483.3440000000005,3477.82,0.02,0.02
06.04.2021 08:50:22.392 GMT+0100,3482,3477.7790000000005,0.02,0.02
06.04.2021 08:50:22.442 GMT+0100,3482.5490000000004,3476.738,0.02,0.02
06.04.2021 08:50:22.492 GMT+0100,3480.262,3475.82,0.02,0.02
06.04.2021 08:50:23.172 GMT+0100,3480.467,3477,0.0075,0.0075
06.04.2021 08:50:23.222 GMT+0100,3480.385,3474.738,0.02,0.02
06.04.2021 08:50:26.739 GMT+0100,3480.508,3475.451,0.0075,0.0075
06.04.2021 08:50:26.789 GMT+0100,3481.467,3475.82,0.02,0.02
06.04.2021 08:50:27.155 GMT+0100,3480.3440000000005,3475.492,0.02,0.02
06.04.2021 08:50:28.867 GMT+0100,3480.262,3476.451,0.02,0.02
06.04.2021 08:50:29.358 GMT+0100,3480.467,3475.697,0.02,0.02
06.04.2021 08:50:59.159 GMT+0100,3480.303,3477,0.02,0.02
06.04.2021 08:50:59.605 GMT+0100,3480.508,3475.5740000000005,0.02,0.02
06.04.2021 08:51:19.076 GMT+0100,3479.262,3473.5740000000005,0.02,0.02
06.04.2021 08:51:19.126 GMT+0100,3479.508,3474.7790000000005,0.02,0.02
06.04.2021 08:51:19.653 GMT+0100,3480,3474.656,0.02,0.02
06.04.2021 08:51:21.118 GMT+0100,3480,3475.451,0.02,0.02
06.04.2021 08:51:39.817 GMT+0100,3480.5490000000004,3476.656,0.02,0.0075
06.04.2021 08:51:57.416 GMT+0100,3479.221,3476.656,0.0075,0.02
06.04.2021 08:51:57.466 GMT+0100,3479.426,3472.6150000000002,0.02,0.02
06.04.2021 08:51:57.524 GMT+0100,3477.5490000000004,3472.492,0.0075,0.02
06.04.2021 08:51:58.620 GMT+0100,3477,3473.492,0.02,0.0075
06.04.2021 08:52:18.786 GMT+0100,3477,3475.697,0.0075,0.0075
06.04.2021 08:52:18.836 GMT+0100,3481.303,3475.738,0.02,0.02
06.04.2021 08:52:21.363 GMT+0100,3480.467,3475.451,0.0075,0.0075
06.04.2021 08:52:21.464 GMT+0100,3480.426,3474.451,0.02,0.02
06.04.2021 08:52:21.571 GMT+0100,3480.426,3475.82,0.02,0.02
06.04.2021 08:52:25.336 GMT+0100,3481.262,3475.697,0.02,0.02
06.04.2021 08:52:29.078 GMT+0100,3480.3440000000005,3475.656,0.0075,0.0075
06.04.2021 08:52:29.179 GMT+0100,3477.426,3474.82,0.02,0.02
06.04.2021 08:52:29.381 GMT+0100,3477.385,3473.82,0.02,0.02
06.04.2021 08:52:29.938 GMT+0100,3477.3440000000005,3474.492,0.02,0.0075
06.04.2021 08:52:31.112 GMT+0100,3477,3473.533,0.02,0.02
06.04.2021 08:52:34.055 GMT+0100,3476.3440000000005,3473.738,0.02,0.02
06.04.2021 08:52:49.090 GMT+0100,3478,3472.656,0.02,0.02
06.04.2021 08:52:52.969 GMT+0100,3477.385,3471.82,0.02,0.02
06.04.2021 08:52:53.085 GMT+0100,3478.426,3472.7790000000005,0.02,0.02
06.04.2021 08:52:59.477 GMT+0100,3477.385,3472.6150000000002,0.02,0.02
06.04.2021 08:52:59.606 GMT+0100,3478.5490000000004,3472.697,0.02,0.02
06.04.2021 08:53:03.887 GMT+0100,3477.467,3472.533,0.0075,0.02
06.04.2021 08:53:03.937 GMT+0100,3478,3472.738,0.02,0.02
06.04.2021 08:53:07.593 GMT+0100,3478.3440000000005,3473.533,0.0075,0.0075
06.04.2021 08:53:07.643 GMT+0100,3479.385,3473.82,0.02,0.02
06.04.2021 08:53:07.762 GMT+0100,3480.426,3473.492,0.02,0.02
06.04.2021 08:53:10.164 GMT+0100,3479.221,3473.697,0.0075,0.02
06.04.2021 08:53:19.908 GMT+0100,3480.5490000000004,3473.6150000000002,0.02,0.02
06.04.2021 08:53:19.958 GMT+0100,3480.426,3474.697,0.02,0.02
06.04.2021 08:53:20.614 GMT+0100,3479.5490000000004,3473.7790000000005,0.02,0.02
06.04.2021 08:53:25.407 GMT+0100,3480.3440000000005,3474.451,0.02,0.02
06.04.2021 08:53:27.440 GMT+0100,3479.385,3474.738,0.02,0.02
06.04.2021 08:53:27.749 GMT+0100,3480.508,3474.451,0.02,0.02
06.04.2021 08:53:34.523 GMT+0100,3479.5490000000004,3474.6150000000002,0.0075,0.02
06.04.2021 08:53:34.573 GMT+0100,3479.262,3473.451,0.02,0.02
06.04.2021 08:53:46.700 GMT+0100,3477.385,3472.451,0.02,0.02
06.04.2021 08:53:48.554 GMT+0100,3477.385,3471.492,0.02,0.02
06.04.2021 08:53:49.999 GMT+0100,3477.262,3472.533,0.02,0.0075
06.04.2021 08:53:51.944 GMT+0100,3477.262,3471.656,0.02,0.02
06.04.2021 08:53:55.554 GMT+0100,3476.385,3470.533,0.02,0.02
06.04.2021 08:53:56.550 GMT+0100,3475.3440000000005,3470.6150000000002,0.02,0.02
06.04.2021 08:54:28.943 GMT+0100,3475.385,3471.82,0.02,0.02
06.04.2021 08:54:28.993 GMT+0100,3475.385,3470.82,0.02,0.02
06.04.2021 08:54:29.900 GMT+0100,3475.385,3472,0.02,0.0075
06.04.2021 08:54:35.546 GMT+0100,3475.303,3469.5740000000005,0.02,0.02
06.04.2021 08:54:37.312 GMT+0100,3475.262,3470.7790000000005,0.02,0.0075
06.04.2021 08:54:38.732 GMT+0100,3475.1800000000003,3470,0.02,0.02
06.04.2021 08:54:40.308 GMT+0100,3475.3440000000005,3470.738,0.02,0.0075
06.04.2021 08:54:48.163 GMT+0100,3475.508,3469.6150000000002,0.02,0.02
06.04.2021 08:54:57.458 GMT+0100,3475.426,3470.533,0.02,0.02
06.04.2021 08:55:29.171 GMT+0100,3475.3440000000005,3471.492,0.02,0.02
06.04.2021 08:55:29.221 GMT+0100,3475.262,3468.82,0.02,0.02
06.04.2021 08:55:29.355 GMT+0100,3474.1800000000003,3468.492,0.02,0.02
06.04.2021 08:55:29.405 GMT+0100,3475.385,3469,0.02,0.02
06.04.2021 08:55:29.456 GMT+0100,3475.1800000000003,3469.697,0.02,0.02
06.04.2021 08:55:29.625 GMT+0100,3474.5490000000004,3469,0.02,0.02
06.04.2021 08:55:29.676 GMT+0100,3475,3468.533,0.02,0.02
06.04.2021 08:55:29.915 GMT+0100,3475.385,3469.7790000000005,0.02,0.0075
06.04.2021 08:55:33.079 GMT+0100,3474,3469.5740000000005,0.0075,0.0075
06.04.2021 08:55:33.129 GMT+0100,3474,3468.492,0.02,0.02
06.04.2021 08:55:36.835 GMT+0100,3475.221,3469.738,0.02,0.02
06.04.2021 08:55:36.984 GMT+0100,3472.262,3468.6150000000002,0.02,0.02
06.04.2021 08:55:37.034 GMT+0100,3473.508,3468.533,0.02,0.02
06.04.2021 08:55:37.208 GMT+0100,3472.1800000000003,3468.697,0.0075,0.02
06.04.2021 08:55:37.371 GMT+0100,3473.508,3468.533,0.02,0.02
06.04.2021 08:55:37.525 GMT+0100,3472,3469,0.0075,0.02
06.04.2021 08:55:47.982 GMT+0100,3472.221,3467.656,0.02,0.02
06.04.2021 08:55:48.033 GMT+0100,3472.221,3468.7790000000005,0.02,0.02
06.04.2021 08:55:53.615 GMT+0100,3471,3464.533,0.02,0.02
06.04.2021 08:55:54.633 GMT+0100,3470.3440000000005,3465.533,0.02,0.02
06.04.2021 08:55:54.734 GMT+0100,3469.385,3464.451,0.02,0.02
06.04.2021 08:56:00.618 GMT+0100,3469.303,3465.492,0.02,0.0075
06.04.2021 08:56:01.231 GMT+0100,3469.426,3466.7790000000005,0.0075,0.0075
06.04.2021 08:56:01.282 GMT+0100,3471.5490000000004,3466.7790000000005,0.02,0.02
06.04.2021 08:56:01.382 GMT+0100,3471.262,3466,0.02,0.02
06.04.2021 08:56:03.820 GMT+0100,3471,3466.6150000000002,0.02,0.0075
06.04.2021 08:56:03.986 GMT+0100,3471.467,3466,0.02,0.02
06.04.2021 08:56:14.162 GMT+0100,3472.467,3465.7790000000005,0.02,0.02
06.04.2021 08:56:14.380 GMT+0100,3471.221,3465.6150000000002,0.0075,0.02
06.04.2021 08:56:19.932 GMT+0100,3471.5490000000004,3467.533,0.0075,0.0075
06.04.2021 08:56:19.982 GMT+0100,3473.385,3467.697,0.02,0.02
06.04.2021 08:56:20.033 GMT+0100,3473.262,3466.7790000000005,0.02,0.02
06.04.2021 08:56:24.629 GMT+0100,3472.1800000000003,3466.82,0.0075,0.02
06.04.2021 08:56:28.708 GMT+0100,3472.467,3467.6150000000002,0.0075,0.0075
06.04.2021 08:56:28.758 GMT+0100,3473.467,3467.6150000000002,0.02,0.02
06.04.2021 08:56:35.666 GMT+0100,3472.221,3467.697,0.0075,0.02
06.04.2021 08:56:36.082 GMT+0100,3473,3467.7790000000005,0.02,0.02
06.04.2021 08:56:36.178 GMT+0100,3472.262,3467.533,0.0075,0.02
06.04.2021 08:56:36.532 GMT+0100,3473.467,3467.697,0.02,0.02
06.04.2021 08:56:36.612 GMT+0100,3472.5490000000004,3467.7790000000005,0.0075,0.02
06.04.2021 08:56:43.541 GMT+0100,3473.3440000000005,3467.533,0.02,0.02
06.04.2021 08:56:51.032 GMT+0100,3472.467,3468.533,0.0075,0.0075
06.04.2021 08:56:51.192 GMT+0100,3473.508,3468.738,0.02,0.02
06.04.2021 08:56:53.028 GMT+0100,3474.385,3468.6150000000002,0.02,0.02
06.04.2021 08:56:55.054 GMT+0100,3474.221,3469.697,0.02,0.02
06.04.2021 08:56:55.162 GMT+0100,3475.467,3469.697,0.02,0.02
06.04.2021 08:57:04.635 GMT+0100,3474.508,3469.492,0.0075,0.02
06.04.2021 08:57:05.700 GMT+0100,3473.221,3469.492,0.02,0.02
06.04.2021 08:57:05.750 GMT+0100,3474.467,3469.656,0.02,0.02
06.04.2021 08:57:06.809 GMT+0100,3470.75,3469.656,0.0075,0.0075
06.04.2021 08:57:06.859 GMT+0100,3473,3469,0.02,0.02
06.04.2021 08:57:06.910 GMT+0100,3472.262,3466.656,0.02,0.02
06.04.2021 08:57:07.003 GMT+0100,3470.467,3466.82,0.0075,0.0075
06.04.2021 08:57:07.053 GMT+0100,3470.1800000000003,3465.6150000000002,0.02,0.02
06.04.2021 08:57:07.104 GMT+0100,3471.221,3465.492,0.02,0.02
06.04.2021 08:57:07.583 GMT+0100,3470.385,3465.6150000000002,0.02,0.02
06.04.2021 08:57:07.634 GMT+0100,3471.5490000000004,3465.533,0.02,0.02
06.04.2021 08:57:27.235 GMT+0100,3470.221,3465.451,0.0075,0.02
06.04.2021 08:57:28.830 GMT+0100,3469.303,3466,0.02,0.02
06.04.2021 08:57:28.933 GMT+0100,3470.5490000000004,3465.697,0.02,0.02
06.04.2021 08:57:47.744 GMT+0100,3468.426,3465.451,0.0075,0.0075
06.04.2021 08:57:48.231 GMT+0100,3467.426,3461.6150000000002,0.02,0.02
06.04.2021 08:57:48.563 GMT+0100,3466.1800000000003,3462.7790000000005,0.0075,0.0075
06.04.2021 08:57:48.758 GMT+0100,3467.385,3461.697,0.02,0.02
06.04.2021 08:57:50.753 GMT+0100,3467.385,3462.492,0.02,0.02
06.04.2021 08:57:51.385 GMT+0100,3465.467,3462.7790000000005,0.0075,0.0075
06.04.2021 08:57:51.436 GMT+0100,3465.5490000000004,3461.451,0.02,0.02
06.04.2021 08:57:52.362 GMT+0100,3465,3460.738,0.02,0.02
06.04.2021 08:57:52.412 GMT+0100,3465.1800000000003,3462,0.02,0.02
06.04.2021 08:57:52.601 GMT+0100,3465.508,3460.656,0.02,0.02
06.04.2021 08:57:53.100 GMT+0100,3465.221,3461.451,0.02,0.0075
06.04.2021 08:57:55.774 GMT+0100,3465.221,3460.82,0.02,0.02
06.04.2021 08:57:55.824 GMT+0100,3465.221,3461.6150000000002,0.02,0.02
06.04.2021 08:57:56.899 GMT+0100,3465.1800000000003,3462.738,0.0075,0.02
06.04.2021 08:57:56.949 GMT+0100,3469.426,3463.6150000000002,0.02,0.02
06.04.2021 08:57:57.000 GMT+0100,3468.1800000000003,3463.82,0.02,0.02
06.04.2021 08:57:57.321 GMT+0100,3467.3440000000005,3463.5740000000005,0.0075,0.02
06.04.2021 08:57:57.372 GMT+0100,3468.508,3462.533,0.02,0.02
06.04.2021 08:57:58.757 GMT+0100,3468.426,3463.451,0.02,0.0075
06.04.2021 08:58:01.301 GMT+0100,3467.221,3463.697,0.0075,0.02
06.04.2021 08:58:01.351 GMT+0100,3468.3440000000005,3463.5740000000005,0.02,0.02
06.04.2021 08:58:02.352 GMT+0100,3469.221,3463.82,0.02,0.02
06.04.2021 08:58:04.789 GMT+0100,3467.508,3464,0.0075,0.02
06.04.2021 08:58:04.958 GMT+0100,3468.3440000000005,3463.82,0.02,0.02
06.04.2021 08:58:05.814 GMT+0100,3469.385,3463.656,0.02,0.02
06.04.2021 08:58:06.363 GMT+0100,3469.508,3464.738,0.02,0.0075
06.04.2021 08:58:06.567 GMT+0100,3470.467,3464.492,0.02,0.02
06.04.2021 08:58:12.712 GMT+0100,3469.385,3464.533,0.0075,0.02
06.04.2021 08:58:12.762 GMT+0100,3469.221,3463.697,0.02,0.02
06.04.2021 08:58:13.112 GMT+0100,3469.426,3464.451,0.02,0.0075
06.04.2021 08:58:14.920 GMT+0100,3468.467,3464.6150000000002,0.02,0.02
06.04.2021 08:58:15.022 GMT+0100,3469.221,3464.492,0.02,0.02
06.04.2021 08:58:15.436 GMT+0100,3469.1800000000003,3464,0.02,0.02
06.04.2021 08:58:28.848 GMT+0100,3470.467,3464.6150000000002,0.02,0.02
06.04.2021 08:58:29.365 GMT+0100,3469.1800000000003,3464.6150000000002,0.0075,0.02
06.04.2021 08:58:30.955 GMT+0100,3469,3465.6150000000002,0.0075,0.0075
06.04.2021 08:58:31.005 GMT+0100,3474.1800000000003,3468.6150000000002,0.02,0.02
06.04.2021 08:58:31.056 GMT+0100,3474.508,3467.451,0.02,0.02
06.04.2021 08:58:31.325 GMT+0100,3472.5490000000004,3467.656,0.0075,0.0075
06.04.2021 08:58:31.375 GMT+0100,3473.467,3467.451,0.02,0.02
06.04.2021 08:58:31.584 GMT+0100,3473.221,3466.533,0.02,0.02
06.04.2021 08:58:32.896 GMT+0100,3473.262,3467.533,0.02,0.0075
06.04.2021 08:58:33.955 GMT+0100,3472.221,3467.656,0.02,0.02
06.04.2021 08:58:36.421 GMT+0100,3471.221,3467.451,0.02,0.02
06.04.2021 08:58:38.874 GMT+0100,3472.385,3467.6150000000002,0.02,0.02
06.04.2021 08:59:08.709 GMT+0100,3472.303,3468.5740000000005,0.0075,0.0075
06.04.2021 08:59:08.760 GMT+0100,3473.467,3468.697,0.02,0.02
06.04.2021 08:59:09.113 GMT+0100,3473.262,3467.492,0.02,0.02
06.04.2021 08:59:22.337 GMT+0100,3474.221,3469.82,0.02,0.02
06.04.2021 08:59:24.017 GMT+0100,3475.1800000000003,3469.82,0.02,0.02
06.04.2021 08:59:27.511 GMT+0100,3474,3469.82,0.0075,0.02
06.04.2021 08:59:27.561 GMT+0100,3474.5490000000004,3467.451,0.02,0.02
06.04.2021 08:59:27.611 GMT+0100,3474.221,3469,0.02,0.02
06.04.2021 08:59:27.712 GMT+0100,3473.5490000000004,3467.451,0.02,0.02
06.04.2021 08:59:30.941 GMT+0100,3473.1800000000003,3468.533,0.02,0.02
06.04.2021 08:59:36.558 GMT+0100,3474.385,3468.533,0.02,0.02
06.04.2021 08:59:53.749 GMT+0100,3473.426,3468.6150000000002,0.0075,0.02
06.04.2021 08:59:53.908 GMT+0100,3474.3440000000005,3469.533,0.02,0.0075
06.04.2021 08:59:53.958 GMT+0100,3474.221,3468.492,0.02,0.02
06.04.2021 08:59:58.009 GMT+0100,3475.508,3468.738,0.02,0.02
06.04.2021 09:00:01.003 GMT+0100,3475.426,3470.533,0.02,0.02
06.04.2021 09:00:04.496 GMT+0100,3478.303,3472.451,0.02,0.02
06.04.2021 09:00:04.601 GMT+0100,3478.5490000000004,3471.492,0.02,0.02
06.04.2021 09:00:04.739 GMT+0100,3478.467,3472.492,0.02,0.0075
06.04.2021 09:00:07.504 GMT+0100,3477.426,3472.697,0.0075,0.02
06.04.2021 09:00:09.845 GMT+0100,3475.5490000000004,3472.492,0.0075,0.02
06.04.2021 09:00:22.829 GMT+0100,3475.508,3470.738,0.02,0.02
06.04.2021 09:00:26.020 GMT+0100,3474.508,3471,0.0075,0.02
06.04.2021 09:00:26.121 GMT+0100,3475.385,3470.7790000000005,0.02,0.02
06.04.2021 09:00:29.980 GMT+0100,3473.385,3470.82,0.02,0.02
06.04.2021 09:00:40.597 GMT+0100,3476,3470.451,0.02,0.02
06.04.2021 09:00:42.069 GMT+0100,3477.385,3471.6150000000002,0.02,0.02
06.04.2021 09:00:43.355 GMT+0100,3476.1800000000003,3471.451,0.02,0.02
06.04.2021 09:00:43.405 GMT+0100,3476.262,3470.697,0.02,0.02
06.04.2021 09:00:43.455 GMT+0100,3476.508,3471.451,0.02,0.02
06.04.2021 09:00:45.555 GMT+0100,3477.1800000000003,3471.533,0.02,0.02
06.04.2021 09:00:45.605 GMT+0100,3476.426,3470.697,0.02,0.02
06.04.2021 09:00:46.037 GMT+0100,3476.467,3471.7790000000005,0.02,0.0075
06.04.2021 09:00:50.350 GMT+0100,3476.426,3470.533,0.02,0.02
06.04.2021 09:00:54.096 GMT+0100,3476.1800000000003,3471.492,0.02,0.0075
06.04.2021 09:00:58.348 GMT+0100,3476.385,3470.656,0.02,0.02
06.04.2021 09:00:59.524 GMT+0100,3476.1800000000003,3472.451,0.02,0.0075
06.04.2021 09:01:02.123 GMT+0100,3478.1800000000003,3472.697,0.02,0.02
06.04.2021 09:01:03.129 GMT+0100,3477.385,3472.5740000000005,0.02,0.02
06.04.2021 09:01:03.179 GMT+0100,3478.426,3472.738,0.02,0.02
06.04.2021 09:01:10.700 GMT+0100,3477.1800000000003,3472.697,0.0075,0.02
06.04.2021 09:01:11.667 GMT+0100,3478.5490000000004,3472.697,0.02,0.02
06.04.2021 09:01:13.693 GMT+0100,3477.221,3472.492,0.0075,0.02
06.04.2021 09:01:15.073 GMT+0100,3478.426,3472.451,0.02,0.02
06.04.2021 09:01:16.756 GMT+0100,3477.467,3472.7790000000005,0.0075,0.02
06.04.2021 09:01:18.150 GMT+0100,3478.385,3472.82,0.02,0.02
06.04.2021 09:01:24.051 GMT+0100,3477.508,3472.82,0.0075,0.02
06.04.2021 09:01:31.402 GMT+0100,3478.508,3473,0.02,0.02
06.04.2021 09:01:31.452 GMT+0100,3478.426,3473.5740000000005,0.02,0.02
06.04.2021 09:01:31.502 GMT+0100,3478.467,3472.656,0.02,0.02
06.04.2021 09:01:31.553 GMT+0100,3478.508,3475,0.02,0.02
06.04.2021 09:01:34.158 GMT+0100,3479.3440000000005,3475,0.02,0.02
06.04.2021 09:01:34.868 GMT+0100,3480.385,3475.7790000000005,0.02,0.02
06.04.2021 09:01:34.990 GMT+0100,3480.426,3474.492,0.02,0.02
06.04.2021 09:01:35.555 GMT+0100,3481.3440000000005,3474.533,0.02,0.02
06.04.2021 09:01:36.704 GMT+0100,3480.1800000000003,3474.6150000000002,0.02,0.02
06.04.2021 09:01:37.357 GMT+0100,3480,3476,0.02,0.0075
06.04.2021 09:01:37.408 GMT+0100,3481.508,3475.656,0.02,0.02
06.04.2021 09:01:39.656 GMT+0100,3480.467,3475.492,0.02,0.02
06.04.2021 09:01:42.122 GMT+0100,3480.508,3476.738,0.0075,0.0075
06.04.2021 09:01:42.172 GMT+0100,3481.1800000000003,3476.533,0.02,0.02
06.04.2021 09:01:42.223 GMT+0100,3483.467,3479.697,0.02,0.02
06.04.2021 09:01:42.409 GMT+0100,3484.221,3480,0.02,0.02
06.04.2021 09:01:45.126 GMT+0100,3483.1800000000003,3479.697,0.0075,0.02
06.04.2021 09:01:50.161 GMT+0100,3484.426,3480,0.02,0.02
06.04.2021 09:01:52.620 GMT+0100,3483,3479.738,0.0075,0.02
06.04.2021 09:01:54.733 GMT+0100,3484.1800000000003,3479.492,0.02,0.02
06.04.2021 09:02:00.120 GMT+0100,3484.1800000000003,3480.492,0.02,0.0075
06.04.2021 09:02:07.043 GMT+0100,3486.303,3481.697,0.02,0.02
06.04.2021 09:02:07.191 GMT+0100,3486,3480.697,0.02,0.02
06.04.2021 09:02:24.542 GMT+0100,3486.508,3481.82,0.02,0.02
06.04.2021 09:02:25.173 GMT+0100,3486,3481,0.02,0.02
06.04.2021 09:02:29.144 GMT+0100,3486,3481.6150000000002,0.0075,0.0075
06.04.2021 09:02:29.194 GMT+0100,3487.3440000000005,3482,0.02,0.02
06.04.2021 09:02:32.879 GMT+0100,3485.221,3481.6150000000002,0.0075,0.02
06.04.2021 09:02:32.982 GMT+0100,3486.467,3481.5740000000005,0.02,0.02
06.04.2021 09:02:41.744 GMT+0100,3487.5490000000004,3481.6150000000002,0.02,0.02
06.04.2021 09:02:47.404 GMT+0100,3487.303,3483,0.0075,0.0075
06.04.2021 09:02:47.454 GMT+0100,3488.221,3482.5740000000005,0.02,0.02
06.04.2021 09:02:58.191 GMT+0100,3488.426,3483.82,0.02,0.0075
06.04.2021 09:03:00.773 GMT+0100,3489.1800000000003,3483.697,0.02,0.02
06.04.2021 09:03:05.308 GMT+0100,3490.5490000000004,3483.82,0.02,0.02
06.04.2021 09:03:05.358 GMT+0100,3489.508,3483.738,0.02,0.02
06.04.2021 09:03:05.609 GMT+0100,3490.5490000000004,3483.451,0.02,0.02
06.04.2021 09:03:05.803 GMT+0100,3490.467,3485.492,0.02,0.02
06.04.2021 09:03:05.913 GMT+0100,3489.221,3484.7790000000005,0.02,0.02
06.04.2021 09:03:06.636 GMT+0100,3489.262,3485.7790000000005,0.02,0.0075
06.04.2021 09:03:26.605 GMT+0100,3490.303,3485.7790000000005,0.02,0.02
06.04.2021 09:03:34.159 GMT+0100,3489.1800000000003,3485.697,0.0075,0.02
06.04.2021 09:03:37.246 GMT+0100,3490.303,3485.533,0.02,0.02
06.04.2021 09:03:53.380 GMT+0100,3490.1800000000003,3486.5740000000005,0.02,0.0075
06.04.2021 09:03:53.563 GMT+0100,3490.5490000000004,3485.656,0.02,0.02
06.04.2021 09:04:20.308 GMT+0100,3490.385,3486.697,0.02,0.02
06.04.2021 09:04:47.333 GMT+0100,3490.508,3487.7790000000005,0.02,0.0075
06.04.2021 09:04:47.874 GMT+0100,3491.508,3487.697,0.02,0.02
06.04.2021 09:04:47.974 GMT+0100,3492.221,3487.82,0.02,0.02
06.04.2021 09:04:52.451 GMT+0100,3493.508,3487.6150000000002,0.02,0.02
06.04.2021 09:04:53.717 GMT+0100,3493.426,3489.697,0.0075,0.0075
06.04.2021 09:04:53.768 GMT+0100,3494.303,3489.5740000000005,0.02,0.02
06.04.2021 09:04:56.075 GMT+0100,3493.467,3489.7790000000005,0.02,0.02
06.04.2021 09:05:17.423 GMT+0100,3494.426,3490.451,0.02,0.02
06.04.2021 09:05:21.485 GMT+0100,3495.221,3490.5740000000005,0.02,0.02
06.04.2021 09:05:21.724 GMT+0100,3495.303,3491.697,0.02,0.0075
06.04.2021 09:05:26.110 GMT+0100,3493.3440000000005,3491.82,0.0075,0.02
06.04.2021 09:05:47.407 GMT+0100,3493.3440000000005,3490.533,0.02,0.02
06.04.2021 09:05:47.458 GMT+0100,3492.426,3490.738,0.02,0.02
06.04.2021 09:05:47.508 GMT+0100,3493.303,3490.492,0.02,0.02
06.04.2021 09:06:15.551 GMT+0100,3492.385,3489.738,0.02,0.02
06.04.2021 09:06:15.662 GMT+0100,3491.5490000000004,3489.7790000000005,0.02,0.02
06.04.2021 09:06:30.171 GMT+0100,3492.1800000000003,3490.492,0.02,0.02
06.04.2021 09:06:30.282 GMT+0100,3492.426,3489.656,0.02,0.02
06.04.2021 09:09:12.125 GMT+0100,3490.262,3489.451,0.0075,0.0075
06.04.2021 09:09:12.176 GMT+0100,3490.467,3486,0.02,0.02
06.04.2021 09:09:12.226 GMT+0100,3489,3486,0.02,0.02
06.04.2021 09:09:13.112 GMT+0100,3488.5490000000004,3485.697,0.0075,0.02
06.04.2021 09:09:13.162 GMT+0100,3489.385,3485.451,0.02,0.02
06.04.2021 09:09:17.254 GMT+0100,3487.467,3485.5740000000005,0.0075,0.02
06.04.2021 09:09:23.911 GMT+0100,3487.5,3486.7790000000005,0.0075,0.0075
06.04.2021 09:09:23.961 GMT+0100,3490.303,3486.6150000000002,0.02,0.02
06.04.2021 09:09:29.228 GMT+0100,3490.262,3485.7790000000005,0.02,0.02
06.04.2021 09:09:29.789 GMT+0100,3490.467,3486.697,0.02,0.02
06.04.2021 09:09:32.210 GMT+0100,3489.3440000000005,3485.697,0.02,0.02
06.04.2021 09:09:34.953 GMT+0100,3490.3440000000005,3485.7790000000005,0.02,0.02
06.04.2021 09:10:00.196 GMT+0100,3490.467,3484.82,0.02,0.02
06.04.2021 09:10:02.739 GMT+0100,3489.262,3484.738,0.0075,0.02
06.04.2021 09:10:02.789 GMT+0100,3489.303,3483.656,0.02,0.02
06.04.2021 09:10:03.080 GMT+0100,3489.262,3484.738,0.02,0.02
06.04.2021 09:10:07.516 GMT+0100,3490.5490000000004,3484.738,0.02,0.02
06.04.2021 09:10:09.724 GMT+0100,3489.385,3484.656,0.0075,0.02
06.04.2021 09:10:09.862 GMT+0100,3489.5490000000004,3485.533,0.0075,0.0075
06.04.2021 09:10:09.912 GMT+0100,3489.467,3484.697,0.02,0.02
06.04.2021 09:10:11.493 GMT+0100,3490.303,3485.656,0.02,0.02
06.04.2021 09:10:12.844 GMT+0100,3489.5490000000004,3484.533,0.02,0.02
06.04.2021 09:10:12.944 GMT+0100,3490.221,3484.656,0.02,0.02
06.04.2021 09:10:17.051 GMT+0100,3489.3440000000005,3484.82,0.02,0.02
06.04.2021 09:10:25.482 GMT+0100,3490.426,3484.451,0.02,0.02
06.04.2021 09:10:29.352 GMT+0100,3488.508,3484.697,0.0075,0.0075
06.04.2021 09:10:29.402 GMT+0100,3488.5490000000004,3483.6150000000002,0.02,0.02
06.04.2021 09:10:35.942 GMT+0100,3488.303,3482.697,0.02,0.02
06.04.2021 09:10:37.203 GMT+0100,3488.467,3483.492,0.02,0.02
06.04.2021 09:10:43.167 GMT+0100,3487.508,3483,0.02,0.02
06.04.2021 09:10:44.835 GMT+0100,3487.5490000000004,3483.82,0.02,0.0075
06.04.2021 09:10:44.936 GMT+0100,3486.426,3483.738,0.02,0.02
06.04.2021 09:10:56.285 GMT+0100,3486.467,3482,0.02,0.02
06.04.2021 09:11:16.666 GMT+0100,3486.3440000000005,3482.738,0.02,0.0075
06.04.2021 09:11:18.374 GMT+0100,3486.385,3484.7790000000005,0.02,0.0075
06.04.2021 09:11:18.912 GMT+0100,3487.385,3484.492,0.02,0.02
06.04.2021 09:11:19.035 GMT+0100,3487.426,3485.82,0.0075,0.0075
06.04.2021 09:11:19.086 GMT+0100,3490.5490000000004,3485.5740000000005,0.02,0.02
06.04.2021 09:11:20.139 GMT+0100,3490.5490000000004,3484.7790000000005,0.02,0.02
06.04.2021 09:11:20.513 GMT+0100,3489.262,3485,0.02,0.02
06.04.2021 09:11:21.108 GMT+0100,3487.303,3484.82,0.0075,0.02
06.04.2021 09:11:21.158 GMT+0100,3488.221,3484.6150000000002,0.02,0.02
06.04.2021 09:11:21.209 GMT+0100,3487.303,3484.738,0.02,0.02
06.04.2021 09:11:21.312 GMT+0100,3488.385,3484.451,0.02,0.02
06.04.2021 09:11:25.686 GMT+0100,3489.262,3484.492,0.02,0.02
06.04.2021 09:11:27.742 GMT+0100,3490.508,3486,0.02,0.02
06.04.2021 09:11:28.831 GMT+0100,3490,3484.492,0.02,0.02
06.04.2021 09:11:37.124 GMT+0100,3489.467,3484.697,0.0075,0.02
06.04.2021 09:11:46.082 GMT+0100,3488,3485,0.0075,0.02
06.04.2021 09:11:51.745 GMT+0100,3487.385,3485,0.0075,0.02
06.04.2021 09:11:56.204 GMT+0100,3486.508,3483.6150000000002,0.02,0.02
06.04.2021 09:12:13.627 GMT+0100,3485.1800000000003,3480.451,0.02,0.02
06.04.2021 09:12:34.077 GMT+0100,3485.508,3481.738,0.02,0.0075
06.04.2021 09:12:43.219 GMT+0100,3485,3482.6150000000002,0.02,0.0075
06.04.2021 09:12:43.375 GMT+0100,3485.426,3481.451,0.02,0.02
06.04.2021 09:12:49.432 GMT+0100,3485.467,3482.82,0.02,0.0075
06.04.2021 09:12:49.556 GMT+0100,3485.426,3483.7790000000005,0.0075,0.0075
06.04.2021 09:12:49.606 GMT+0100,3486.303,3483.6150000000002,0.02,0.02
06.04.2021 09:12:49.746 GMT+0100,3487.303,3482.451,0.02,0.02
06.04.2021 09:13:05.741 GMT+0100,3485.303,3482.82,0.0075,0.02
06.04.2021 09:13:06.409 GMT+0100,3487.467,3482.5740000000005,0.02,0.02
06.04.2021 09:13:06.459 GMT+0100,3486.467,3483,0.02,0.02
06.04.2021 09:13:08.077 GMT+0100,3487.303,3483,0.02,0.02
06.04.2021 09:13:09.108 GMT+0100,3486.467,3482.533,0.0075,0.02
06.04.2021 09:13:09.158 GMT+0100,3487.467,3482.82,0.02,0.02
06.04.2021 09:13:09.219 GMT+0100,3486.303,3482.7790000000005,0.02,0.02
06.04.2021 09:13:23.511 GMT+0100,3485.3440000000005,3483,0.0075,0.02
06.04.2021 09:13:25.767 GMT+0100,3487.303,3482.5740000000005,0.02,0.02
06.04.2021 09:13:27.269 GMT+0100,3486.426,3483,0.02,0.02
06.04.2021 09:13:30.896 GMT+0100,3487.3440000000005,3482.533,0.02,0.02
06.04.2021 09:13:33.072 GMT+0100,3487.1800000000003,3483.697,0.0075,0.0075
06.04.2021 09:13:33.122 GMT+0100,3488.5490000000004,3483.697,0.02,0.02
06.04.2021 09:13:33.223 GMT+0100,3488.1800000000003,3482.738,0.02,0.02
06.04.2021 09:13:34.401 GMT+0100,3488.1800000000003,3484.738,0.02,0.0075
06.04.2021 09:13:34.501 GMT+0100,3488.1800000000003,3482.6150000000002,0.02,0.02
06.04.2021 09:13:35.896 GMT+0100,3488.467,3483.6150000000002,0.02,0.0075
06.04.2021 09:13:36.096 GMT+0100,3487.508,3482.738,0.02,0.02
06.04.2021 09:13:37.410 GMT+0100,3487.303,3483.697,0.02,0.0075
06.04.2021 09:13:45.518 GMT+0100,3486.262,3484,0.02,0.02
06.04.2021 09:13:45.649 GMT+0100,3487.303,3483.6150000000002,0.02,0.02
06.04.2021 09:13:54.520 GMT+0100,3486.262,3484,0.0075,0.02
06.04.2021 09:13:54.646 GMT+0100,3484.262,3482.82,0.0075,0.02
06.04.2021 09:13:54.696 GMT+0100,3486,3482.5740000000005,0.02,0.02
06.04.2021 09:13:54.836 GMT+0100,3489.467,3483.656,0.02,0.0075
06.04.2021 09:13:55.049 GMT+0100,3489.426,3482.656,0.02,0.02
06.04.2021 09:13:55.504 GMT+0100,3487.426,3482.738,0.0075,0.02
06.04.2021 09:13:56.443 GMT+0100,3487.426,3483.656,0.02,0.0075
06.04.2021 09:13:56.864 GMT+0100,3488.467,3483.738,0.02,0.02
06.04.2021 09:13:57.467 GMT+0100,3487.262,3483.738,0.0075,0.02
06.04.2021 09:13:58.250 GMT+0100,3487.508,3482.738,0.02,0.02
06.04.2021 09:13:59.781 GMT+0100,3488.221,3483.738,0.02,0.02
06.04.2021 09:14:00.781 GMT+0100,3487.508,3483.533,0.0075,0.02
06.04.2021 09:14:04.639 GMT+0100,3487.3440000000005,3482.7790000000005,0.02,0.02
06.04.2021 09:14:09.793 GMT+0100,3488.303,3482.656,0.02,0.02
06.04.2021 09:14:09.843 GMT+0100,3487.385,3482.656,0.02,0.02
06.04.2021 09:14:11.750 GMT+0100,3488.1800000000003,3482.451,0.02,0.02
06.04.2021 09:14:12.325 GMT+0100,3488.1800000000003,3484.697,0.0075,0.0075
06.04.2021 09:14:12.375 GMT+0100,3489.508,3484.738,0.02,0.02
06.04.2021 09:14:14.079 GMT+0100,3489.508,3483.451,0.02,0.02
06.04.2021 09:14:30.026 GMT+0100,3488.1800000000003,3483.7790000000005,0.0075,0.0075
06.04.2021 09:14:30.076 GMT+0100,3488.221,3482.492,0.02,0.02
06.04.2021 09:14:30.308 GMT+0100,3488.5490000000004,3484,0.02,0.02
06.04.2021 09:14:30.632 GMT+0100,3488.1800000000003,3482.492,0.02,0.02
06.04.2021 09:14:31.175 GMT+0100,3488.385,3484,0.02,0.0075
06.04.2021 09:14:43.881 GMT+0100,3489.262,3485,0.02,0.02
06.04.2021 09:14:46.695 GMT+0100,3489,3485.492,0.02,0.02
06.04.2021 09:14:46.796 GMT+0100,3489.426,3484.656,0.02,0.02
06.04.2021 09:15:16.638 GMT+0100,3489.5490000000004,3485.7790000000005,0.02,0.0075
06.04.2021 09:15:57.226 GMT+0100,3488.467,3485.492,0.0075,0.0075
06.04.2021 09:15:57.277 GMT+0100,3488.221,3484.533,0.02,0.02
06.04.2021 09:16:05.617 GMT+0100,3489.221,3484.656,0.02,0.02
06.04.2021 09:16:05.667 GMT+0100,3488.221,3484.656,0.02,0.02
06.04.2021 09:16:19.156 GMT+0100,3487.385,3484.533,0.0075,0.02
06.04.2021 09:16:27.917 GMT+0100,3490.262,3484.697,0.02,0.02
06.04.2021 09:16:27.967 GMT+0100,3489.1800000000003,3484.7790000000005,0.02,0.02
06.04.2021 09:16:28.068 GMT+0100,3490.467,3484.7790000000005,0.02,0.02
06.04.2021 09:16:28.139 GMT+0100,3489.303,3484.492,0.0075,0.02
06.04.2021 09:16:28.239 GMT+0100,3490.303,3484.697,0.02,0.02
06.04.2021 09:16:28.296 GMT+0100,3489,3484.451,0.0075,0.02
06.04.2021 09:16:29.527 GMT+0100,3490.1800000000003,3484.697,0.02,0.02
06.04.2021 09:16:30.104 GMT+0100,3489.385,3484.7790000000005,0.02,0.02
06.04.2021 09:16:48.816 GMT+0100,3489.385,3485.451,0.02,0.02
06.04.2021 09:17:00.146 GMT+0100,3490.426,3485.7790000000005,0.02,0.02
06.04.2021 09:17:03.401 GMT+0100,3489.5490000000004,3485.492,0.0075,0.02
06.04.2021 09:17:04.508 GMT+0100,3490.467,3485.5740000000005,0.02,0.02
06.04.2021 09:17:21.215 GMT+0100,3489.467,3485.533,0.02,0.02
06.04.2021 09:17:38.662 GMT+0100,3488.221,3485.6150000000002,0.02,0.02
06.04.2021 09:17:38.800 GMT+0100,3487.221,3484.656,0.0075,0.02
06.04.2021 09:17:38.851 GMT+0100,3488.303,3484.5740000000005,0.02,0.02
06.04.2021 09:17:42.381 GMT+0100,3487.1800000000003,3484.656,0.0075,0.02
06.04.2021 09:17:42.432 GMT+0100,3488.426,3484.738,0.02,0.02
06.04.2021 09:17:58.454 GMT+0100,3488.303,3485.5740000000005,0.0075,0.0075
06.04.2021 09:17:58.505 GMT+0100,3490.5490000000004,3485.451,0.02,0.02
06.04.2021 09:18:14.849 GMT+0100,3490.5490000000004,3484.82,0.02,0.02
06.04.2021 09:18:14.900 GMT+0100,3490,3486.697,0.02,0.02
06.04.2021 09:18:21.454 GMT+0100,3491,3486.492,0.02,0.02
06.04.2021 09:18:22.407 GMT+0100,3491.1800000000003,3487.7790000000005,0.02,0.0075
06.04.2021 09:18:25.745 GMT+0100,3490.1800000000003,3487.738,0.0075,0.02
06.04.2021 09:18:25.795 GMT+0100,3490.5490000000004,3486.82,0.02,0.02
06.04.2021 09:18:25.912 GMT+0100,3489.508,3486.7790000000005,0.0075,0.02
06.04.2021 09:18:26.012 GMT+0100,3490.1800000000003,3486.7790000000005,0.02,0.02
06.04.2021 09:18:36.446 GMT+0100,3490.221,3487.5740000000005,0.0075,0.0075
06.04.2021 09:18:36.496 GMT+0100,3491.1800000000003,3487.738,0.02,0.02
06.04.2021 09:18:36.597 GMT+0100,3491.467,3486.6150000000002,0.02,0.02
06.04.2021 09:18:43.920 GMT+0100,3491.1800000000003,3488,0.02,0.0075
06.04.2021 09:19:18.745 GMT+0100,3491.3440000000005,3488.533,0.02,0.0075
06.04.2021 09:19:29.583 GMT+0100,3491,3487.82,0.02,0.02
06.04.2021 09:19:53.735 GMT+0100,3492.262,3487.738,0.02,0.02
06.04.2021 09:19:53.807 GMT+0100,3492.426,3488.7790000000005,0.02,0.0075
06.04.2021 09:20:08.396 GMT+0100,3493,3488.82,0.02,0.02
06.04.2021 09:20:09.325 GMT+0100,3494.1800000000003,3488.82,0.02,0.02
06.04.2021 09:20:09.375 GMT+0100,3495.467,3490,0.02,0.02
06.04.2021 09:20:10.209 GMT+0100,3494.385,3490,0.02,0.0075
06.04.2021 09:20:10.259 GMT+0100,3494.426,3488.533,0.02,0.02
06.04.2021 09:20:12.875 GMT+0100,3494.221,3490,0.02,0.0075
06.04.2021 09:20:12.925 GMT+0100,3495,3490,0.02,0.02
06.04.2021 09:20:14.203 GMT+0100,3495.3440000000005,3491.7790000000005,0.02,0.02
06.04.2021 09:20:21.500 GMT+0100,3494.385,3492,0.0075,0.0075
06.04.2021 09:20:21.550 GMT+0100,3494.426,3488.656,0.02,0.02
06.04.2021 09:20:23.588 GMT+0100,3494.262,3489.82,0.02,0.0075
06.04.2021 09:20:38.413 GMT+0100,3493.467,3489.697,0.0075,0.02
06.04.2021 09:20:38.463 GMT+0100,3494.508,3489.6150000000002,0.02,0.02
06.04.2021 09:20:39.006 GMT+0100,3494.303,3490.533,0.02,0.02
06.04.2021 09:21:07.237 GMT+0100,3492.508,3490.492,0.0075,0.0075
06.04.2021 09:21:07.287 GMT+0100,3492.303,3488.7790000000005,0.02,0.02
06.04.2021 09:21:07.338 GMT+0100,3491.221,3488.738,0.02,0.02
06.04.2021 09:22:44.437 GMT+0100,3492.303,3488.738,0.02,0.02
06.04.2021 09:22:44.538 GMT+0100,3496.385,3492,0.02,0.02
06.04.2021 09:22:44.588 GMT+0100,3495.5490000000004,3492,0.02,0.02
06.04.2021 09:22:44.691 GMT+0100,3496.5490000000004,3491.492,0.02,0.02
06.04.2021 09:22:46.900 GMT+0100,3496.303,3492.533,0.0075,0.0075
06.04.2021 09:22:46.950 GMT+0100,3497.303,3492.5740000000005,0.02,0.02
06.04.2021 09:22:47.118 GMT+0100,3497.467,3493.5740000000005,0.0075,0.0075
06.04.2021 09:22:47.168 GMT+0100,3498.303,3493.5740000000005,0.02,0.02
06.04.2021 09:22:52.134 GMT+0100,3497.262,3493.7790000000005,0.0075,0.0075
06.04.2021 09:22:52.184 GMT+0100,3497.467,3492.5740000000005,0.02,0.02
06.04.2021 09:22:52.285 GMT+0100,3497.221,3493.656,0.02,0.02
06.04.2021 09:22:52.335 GMT+0100,3497.221,3492.6150000000002,0.02,0.02
06.04.2021 09:22:57.602 GMT+0100,3496.508,3492.697,0.0075,0.02
06.04.2021 09:22:57.652 GMT+0100,3496.426,3491.82,0.02,0.02
06.04.2021 09:22:57.713 GMT+0100,3497.385,3491.7790000000005,0.02,0.02
06.04.2021 09:22:59.013 GMT+0100,3496.426,3491.492,0.0075,0.02
06.04.2021 09:23:00.602 GMT+0100,3497.5490000000004,3492,0.02,0.02
06.04.2021 09:23:07.967 GMT+0100,3496.426,3491.5740000000005,0.0075,0.02
06.04.2021 09:23:08.131 GMT+0100,3496.221,3492.6150000000002,0.0075,0.0075
06.04.2021 09:23:08.181 GMT+0100,3498.3440000000005,3492.5740000000005,0.02,0.02
06.04.2021 09:23:21.287 GMT+0100,3497.3440000000005,3492.533,0.0075,0.02
06.04.2021 09:23:22.547 GMT+0100,3498.5490000000004,3492.7790000000005,0.02,0.02
06.04.2021 09:23:36.228 GMT+0100,3499.221,3494.656,0.02,0.02
06.04.2021 09:24:01.650 GMT+0100,3500.1800000000003,3496,0.02,0.02
06.04.2021 09:24:01.761 GMT+0100,3499,3494.738,0.02,0.02
06.04.2021 09:24:03.239 GMT+0100,3499.467,3495.5740000000005,0.0075,0.0075
06.04.2021 09:24:03.289 GMT+0100,3500.262,3495.451,0.02,0.02
06.04.2021 09:24:07.195 GMT+0100,3499.303,3496,0.02,0.02
06.04.2021 09:24:23.011 GMT+0100,3500.262,3495.7790000000005,0.02,0.02
06.04.2021 09:24:33.096 GMT+0100,3499.467,3495.82,0.02,0.02
06.04.2021 09:25:43.032 GMT+0100,3498.3440000000005,3493.6150000000002,0.02,0.02
06.04.2021 09:25:53.345 GMT+0100,3496.426,3493.738,0.0075,0.0075
06.04.2021 09:25:53.396 GMT+0100,3496.5490000000004,3490.697,0.02,0.02
06.04.2021 09:25:53.446 GMT+0100,3496.303,3491.492,0.02,0.02
06.04.2021 09:25:53.704 GMT+0100,3495.3440000000005,3491.492,0.0075,0.0075
06.04.2021 09:25:53.754 GMT+0100,3495.385,3490.6150000000002,0.02,0.02
06.04.2021 09:25:58.430 GMT+0100,3495.3440000000005,3492.7790000000005,0.0075,0.0075
06.04.2021 09:25:58.480 GMT+0100,3496.385,3492.738,0.02,0.02
06.04.2021 09:26:01.104 GMT+0100,3497.1800000000003,3493,0.02,0.02
06.04.2021 09:26:03.151 GMT+0100,3497.262,3494,0.02,0.0075
06.04.2021 09:26:03.201 GMT+0100,3499,3494.533,0.02,0.02
06.04.2021 09:26:03.325 GMT+0100,3498.508,3493.697,0.02,0.02
06.04.2021 09:26:23.834 GMT+0100,3497.303,3492.7790000000005,0.02,0.02
06.04.2021 09:26:24.237 GMT+0100,3497.262,3493.7790000000005,0.02,0.0075
06.04.2021 09:26:37.808 GMT+0100,3496.1800000000003,3493.697,0.0075,0.02
06.04.2021 09:26:37.858 GMT+0100,3494.3440000000005,3489.656,0.02,0.02
06.04.2021 09:26:37.909 GMT+0100,3494.426,3490.697,0.02,0.02
06.04.2021 09:26:38.074 GMT+0100,3494.508,3489.492,0.02,0.02
06.04.2021 09:26:38.854 GMT+0100,3494.303,3490.697,0.02,0.02
06.04.2021 09:26:45.189 GMT+0100,3494.262,3491.5740000000005,0.02,0.02
06.04.2021 09:27:28.762 GMT+0100,3493.5490000000004,3488.533,0.02,0.02
06.04.2021 09:27:38.726 GMT+0100,3493.385,3490,0.02,0.0075
06.04.2021 09:27:38.776 GMT+0100,3493.1800000000003,3488.492,0.02,0.02
06.04.2021 09:27:45.131 GMT+0100,3493.303,3489.5740000000005,0.02,0.0075
06.04.2021 09:27:46.345 GMT+0100,3494.303,3489.697,0.02,0.02
06.04.2021 09:27:46.586 GMT+0100,3495.5490000000004,3489.5740000000005,0.02,0.02
06.04.2021 09:27:50.083 GMT+0100,3494.508,3489.6150000000002,0.0075,0.02
06.04.2021 09:27:55.707 GMT+0100,3494.303,3490.656,0.0075,0.0075
06.04.2021 09:27:55.758 GMT+0100,3495,3490.656,0.02,0.02
06.04.2021 09:27:56.808 GMT+0100,3495.262,3489.656,0.02,0.02
06.04.2021 09:28:08.755 GMT+0100,3494.385,3489.656,0.0075,0.02
06.04.2021 09:28:18.520 GMT+0100,3494.426,3488.82,0.02,0.02
06.04.2021 09:28:24.003 GMT+0100,3493.385,3488.7790000000005,0.0075,0.02
06.04.2021 09:28:24.104 GMT+0100,3492.303,3486.6150000000002,0.02,0.02
06.04.2021 09:28:27.615 GMT+0100,3492.5490000000004,3487.5740000000005,0.02,0.0075
06.04.2021 09:28:29.836 GMT+0100,3493.5490000000004,3487.492,0.02,0.02
06.04.2021 09:28:43.697 GMT+0100,3492.262,3487.5740000000005,0.0075,0.02
06.04.2021 09:28:44.082 GMT+0100,3493.467,3487.533,0.02,0.02
06.04.2021 09:28:48.096 GMT+0100,3493.467,3488.5740000000005,0.02,0.0075
06.04.2021 09:28:49.694 GMT+0100,3494.262,3488.492,0.02,0.02
06.04.2021 09:28:53.456 GMT+0100,3493,3489,0.0075,0.0075
06.04.2021 09:28:53.506 GMT+0100,3493,3487.7790000000005,0.02,0.02
06.04.2021 09:29:05.194 GMT+0100,3493.3440000000005,3486.533,0.02,0.02
06.04.2021 09:29:05.295 GMT+0100,3493.385,3487.738,0.02,0.02
06.04.2021 09:29:10.304 GMT+0100,3493,3488.7790000000005,0.02,0.0075
06.04.2021 09:29:12.920 GMT+0100,3494,3489.6150000000002,0.02,0.02
06.04.2021 09:29:17.942 GMT+0100,3493.221,3488.6150000000002,0.02,0.02
06.04.2021 09:29:43.935 GMT+0100,3493.3440000000005,3489.492,0.02,0.0075
06.04.2021 09:29:43.985 GMT+0100,3495,3489.738,0.02,0.02
06.04.2021 09:29:44.040 GMT+0100,3494.3440000000005,3489.451,0.0075,0.0075
06.04.2021 09:29:44.090 GMT+0100,3494.385,3488.738,0.02,0.02
06.04.2021 09:29:46.022 GMT+0100,3493.508,3488.82,0.0075,0.02
06.04.2021 09:29:59.217 GMT+0100,3494.262,3488.738,0.02,0.02
06.04.2021 09:30:03.664 GMT+0100,3494.467,3489.6150000000002,0.02,0.02
06.04.2021 09:30:03.715 GMT+0100,3494,3488.6150000000002,0.02,0.02
06.04.2021 09:30:06.383 GMT+0100,3494.5490000000004,3489.697,0.02,0.0075
06.04.2021 09:30:06.859 GMT+0100,3494.1800000000003,3488.82,0.02,0.02
06.04.2021 09:30:09.356 GMT+0100,3493.508,3489.656,0.0075,0.0075
06.04.2021 09:30:40.676 GMT+0100,3492.467,3489.451,0.02,0.02
06.04.2021 09:30:41.086 GMT+0100,3493.221,3489.451,0.02,0.02
06.04.2021 09:32:02.308 GMT+0100,3493.467,3491.697,0.02,0.0075
06.04.2021 09:32:04.524 GMT+0100,3494.467,3491.738,0.02,0.02
06.04.2021 09:32:04.575 GMT+0100,3496,3491.697,0.02,0.02
06.04.2021 09:32:13.465 GMT+0100,3495,3491.492,0.02,0.02
06.04.2021 09:32:13.953 GMT+0100,3496.3440000000005,3491.5740000000005,0.02,0.02
06.04.2021 09:32:21.535 GMT+0100,3495.467,3492,0.0075,0.02
06.04.2021 09:32:31.172 GMT+0100,3492.385,3491.82,0.0075,0.0075
06.04.2021 09:32:31.223 GMT+0100,3492.3440000000005,3488.492,0.02,0.02
06.04.2021 09:32:32.847 GMT+0100,3492,3490.738,0.02,0.0075
06.04.2021 09:32:35.289 GMT+0100,3492.426,3487.697,0.02,0.02
06.04.2021 09:32:42.632 GMT+0100,3492,3488.451,0.02,0.0075
06.04.2021 09:32:48.820 GMT+0100,3492.1800000000003,3487.7790000000005,0.02,0.02
06.04.2021 09:32:52.727 GMT+0100,3492.3440000000005,3489,0.02,0.0075
06.04.2021 09:32:54.549 GMT+0100,3492.385,3487.6150000000002,0.02,0.02
06.04.2021 09:33:08.312 GMT+0100,3492.385,3488.82,0.02,0.0075
06.04.2021 09:33:59.582 GMT+0100,3492.221,3490.5740000000005,0.02,0.02
06.04.2021 09:34:05.572 GMT+0100,3492.426,3489,0.02,0.02
06.04.2021 09:34:05.623 GMT+0100,3492.3440000000005,3490.656,0.02,0.02
06.04.2021 09:34:31.765 GMT+0100,3493.508,3490.697,0.02,0.02
06.04.2021 09:34:31.865 GMT+0100,3494.3440000000005,3490.533,0.02,0.02
06.04.2021 09:34:34.734 GMT+0100,3494.1800000000003,3491.656,0.0075,0.0075
06.04.2021 09:34:34.785 GMT+0100,3496.221,3491.5740000000005,0.02,0.02
06.04.2021 09:34:35.718 GMT+0100,3496.3440000000005,3490.451,0.02,0.02
06.04.2021 09:34:37.372 GMT+0100,3496,3491.656,0.02,0.0075
06.04.2021 09:34:39.225 GMT+0100,3496.303,3492.738,0.0075,0.0075
06.04.2021 09:34:39.275 GMT+0100,3497,3492.656,0.02,0.02
06.04.2021 09:34:39.326 GMT+0100,3498,3492.656,0.02,0.02
06.04.2021 09:34:44.352 GMT+0100,3497.508,3492.451,0.0075,0.0075
06.04.2021 09:34:44.403 GMT+0100,3497,3491.533,0.02,0.02
06.04.2021 09:34:59.704 GMT+0100,3497.262,3494,0.02,0.0075
06.04.2021 09:36:42.136 GMT+0100,3498.385,3495,0.01,0.01
06.04.2021 09:36:42.237 GMT+0100,3499.262,3495.697,0.02,0.02
06.04.2021 09:36:42.500 GMT+0100,3500.262,3496.492,0.02,0.0075
06.04.2021 09:36:42.580 GMT+0100,3501.3440000000005,3495.451,0.02,0.02
06.04.2021 09:36:43.008 GMT+0100,3501.303,3496.451,0.02,0.0075
06.04.2021 09:36:43.120 GMT+0100,3501.426,3497.6150000000002,0.02,0.0075
06.04.2021 09:36:47.964 GMT+0100,3502.262,3497.533,0.02,0.02
06.04.2021 09:36:51.696 GMT+0100,3501.303,3498,0.0075,0.02
06.04.2021 09:36:52.300 GMT+0100,3502.3440000000005,3497.82,0.02,0.02
06.04.2021 09:36:52.350 GMT+0100,3501.221,3497.533,0.02,0.02
06.04.2021 09:36:54.864 GMT+0100,3502.508,3497.7790000000005,0.02,0.02
06.04.2021 09:36:56.584 GMT+0100,3501.508,3497.451,0.0075,0.02
06.04.2021 09:37:00.020 GMT+0100,3502,3497.7790000000005,0.02,0.02
06.04.2021 09:37:01.805 GMT+0100,3503.262,3497.738,0.02,0.02
06.04.2021 09:37:03.015 GMT+0100,3502.426,3497.5740000000005,0.0075,0.02
06.04.2021 09:37:18.509 GMT+0100,3502.385,3498.5740000000005,0.02,0.02
06.04.2021 09:37:18.696 GMT+0100,3502.221,3497.697,0.02,0.02
06.04.2021 09:37:24.874 GMT+0100,3502.303,3499,0.02,0.02
06.04.2021 09:37:25.276 GMT+0100,3502.385,3499.5740000000005,0.02,0.0075
06.04.2021 09:37:29.085 GMT+0100,3503.262,3499.6150000000002,0.02,0.02
06.04.2021 09:37:31.048 GMT+0100,3504.3440000000005,3499.738,0.02,0.02
06.04.2021 09:37:33.349 GMT+0100,3503.385,3499.7790000000005,0.0075,0.02
06.04.2021 09:37:34.523 GMT+0100,3504,3499.697,0.02,0.02
06.04.2021 09:38:05.832 GMT+0100,3504.467,3500.492,0.0075,0.0075
06.04.2021 09:38:05.883 GMT+0100,3506.467,3501,0.02,0.02
06.04.2021 09:38:08.010 GMT+0100,3506.508,3501.82,0.02,0.0075
06.04.2021 09:38:13.724 GMT+0100,3506.508,3500.5740000000005,0.02,0.02
06.04.2021 09:38:15.920 GMT+0100,3505.5490000000004,3500.451,0.0075,0.02
06.04.2021 09:38:19.189 GMT+0100,3506.303,3502.492,0.0075,0.0075
06.04.2021 09:38:19.239 GMT+0100,3507.385,3502.7790000000005,0.02,0.02
06.04.2021 09:38:21.507 GMT+0100,3506.1800000000003,3501.492,0.02,0.02
06.04.2021 09:38:36.522 GMT+0100,3506.1800000000003,3500.492,0.02,0.02
06.04.2021 09:38:37.371 GMT+0100,3506.1800000000003,3501.697,0.02,0.0075
06.04.2021 09:38:44.673 GMT+0100,3506.385,3500.533,0.02,0.02
06.04.2021 09:38:45.159 GMT+0100,3506.5490000000004,3502.533,0.02,0.0075
06.04.2021 09:40:48.733 GMT+0100,3506.262,3503.697,0.02,0.0075
06.04.2021 09:41:00.230 GMT+0100,3509.426,3504.6150000000002,0.02,0.02
06.04.2021 09:41:00.280 GMT+0100,3508.262,3503.7790000000005,0.02,0.02
06.04.2021 09:41:04.074 GMT+0100,3508.426,3504.82,0.02,0.02
06.04.2021 09:41:04.125 GMT+0100,3509.262,3504.451,0.02,0.02
06.04.2021 09:41:27.086 GMT+0100,3510.3440000000005,3504.5740000000005,0.02,0.02
06.04.2021 09:41:28.031 GMT+0100,3510.5490000000004,3505.82,0.0075,0.0075
06.04.2021 09:41:28.082 GMT+0100,3511.426,3505.6150000000002,0.02,0.02
06.04.2021 09:41:33.100 GMT+0100,3510.426,3505.738,0.0075,0.02
06.04.2021 09:41:37.375 GMT+0100,3510.3440000000005,3506.82,0.02,0.02
06.04.2021 09:41:47.601 GMT+0100,3511.508,3507,0.02,0.02
06.04.2021 09:41:55.122 GMT+0100,3513.5490000000004,3507.6150000000002,0.02,0.02
06.04.2021 09:41:55.172 GMT+0100,3511,3506.82,0.02,0.02
06.04.2021 09:41:55.300 GMT+0100,3510.3440000000005,3506.82,0.0075,0.02
06.04.2021 09:42:43.835 GMT+0100,3509.1800000000003,3506.656,0.0075,0.02
06.04.2021 09:42:43.886 GMT+0100,3509.385,3505.492,0.02,0.02
06.04.2021 09:42:44.086 GMT+0100,3510.467,3505.656,0.02,0.02
06.04.2021 09:42:45.534 GMT+0100,3510.1800000000003,3506.533,0.02,0.0075
06.04.2021 09:43:19.496 GMT+0100,3509.508,3506.697,0.0075,0.02
06.04.2021 09:43:45.043 GMT+0100,3508,3506.5740000000005,0.0075,0.02
06.04.2021 09:44:02.327 GMT+0100,3509,3506.5740000000005,0.02,0.02
06.04.2021 09:44:03.317 GMT+0100,3507.1800000000003,3505.492,0.02,0.02
06.04.2021 09:44:04.097 GMT+0100,3507.467,3501.738,0.02,0.02
06.04.2021 09:44:05.047 GMT+0100,3506.303,3501.7790000000005,0.02,0.02
06.04.2021 09:44:05.447 GMT+0100,3506.303,3503.533,0.02,0.0075
06.04.2021 09:44:07.832 GMT+0100,3505.426,3503.5740000000005,0.0075,0.02
06.04.2021 09:44:13.883 GMT+0100,3506.467,3503.697,0.02,0.02
06.04.2021 09:45:31.650 GMT+0100,3510.467,3506,0.02,0.02
06.04.2021 09:45:31.719 GMT+0100,3510.426,3506.82,0.02,0.0075
06.04.2021 09:45:31.769 GMT+0100,3511.221,3506.697,0.02,0.02
06.04.2021 09:45:32.686 GMT+0100,3511,3505.492,0.02,0.02
06.04.2021 09:45:33.602 GMT+0100,3510.5490000000004,3506,0.02,0.02
06.04.2021 09:45:34.031 GMT+0100,3509.303,3505.6150000000002,0.0075,0.0075
06.04.2021 09:45:34.081 GMT+0100,3509.303,3503.5740000000005,0.02,0.02
06.04.2021 09:45:34.622 GMT+0100,3508.1800000000003,3503.697,0.0075,0.02
06.04.2021 09:45:34.823 GMT+0100,3509.426,3504.697,0.02,0.02
06.04.2021 09:45:35.150 GMT+0100,3509.508,3503.533,0.02,0.02
06.04.2021 09:45:35.798 GMT+0100,3508.221,3504,0.0075,0.02
06.04.2021 09:45:40.867 GMT+0100,3508.262,3504.7790000000005,0.02,0.0075
06.04.2021 09:45:40.917 GMT+0100,3510.467,3505.5740000000005,0.02,0.02
06.04.2021 09:45:46.662 GMT+0100,3509.303,3505.697,0.02,0.02
06.04.2021 09:45:47.553 GMT+0100,3509,3505,0.02,0.02
06.04.2021 09:45:52.961 GMT+0100,3509.3440000000005,3505.738,0.0075,0.0075
06.04.2021 09:45:53.012 GMT+0100,3510,3506,0.02,0.02
06.04.2021 09:45:54.344 GMT+0100,3511.5490000000004,3506.697,0.02,0.02
06.04.2021 09:46:03.026 GMT+0100,3512.426,3506.738,0.02,0.02
06.04.2021 09:46:05.137 GMT+0100,3511,3506.7790000000005,0.0075,0.02
06.04.2021 09:46:09.396 GMT+0100,3510.385,3506.697,0.02,0.02
06.04.2021 09:46:10.557 GMT+0100,3509.3440000000005,3504.451,0.02,0.02
06.04.2021 09:46:12.210 GMT+0100,3508.221,3504.82,0.0075,0.0075
06.04.2021 09:46:12.261 GMT+0100,3508.508,3503.656,0.02,0.02
06.04.2021 09:46:20.227 GMT+0100,3506.262,3504,0.0075,0.0075
06.04.2021 09:46:20.277 GMT+0100,3506.262,3501.738,0.02,0.02
06.04.2021 09:46:22.346 GMT+0100,3506.5490000000004,3502.451,0.0075,0.0075
06.04.2021 09:46:22.396 GMT+0100,3507.303,3502.5740000000005,0.02,0.02
06.04.2021 09:46:24.308 GMT+0100,3507.303,3504.6150000000002,0.02,0.0075
06.04.2021 09:46:38.868 GMT+0100,3508.467,3504.82,0.02,0.02
06.04.2021 09:46:39.072 GMT+0100,3509.1800000000003,3504.5740000000005,0.02,0.02
06.04.2021 09:46:51.004 GMT+0100,3508.5490000000004,3505,0.0075,0.02
06.04.2021 09:46:51.054 GMT+0100,3509.221,3504.5740000000005,0.02,0.02
06.04.2021 09:46:51.104 GMT+0100,3508.221,3504.7790000000005,0.02,0.02
06.04.2021 09:46:51.155 GMT+0100,3509.303,3504.656,0.02,0.02
06.04.2021 09:47:15.142 GMT+0100,3509.5490000000004,3505.656,0.02,0.0075
06.04.2021 09:47:50.608 GMT+0100,3511.262,3506.7790000000005,0.02,0.02
06.04.2021 09:47:56.220 GMT+0100,3510.426,3506.82,0.0075,0.02
06.04.2021 09:47:56.602 GMT+0100,3510.1800000000003,3505.533,0.02,0.02
06.04.2021 09:47:59.460 GMT+0100,3511.3440000000005,3506.492,0.02,0.02
06.04.2021 09:48:01.900 GMT+0100,3510.385,3506.738,0.0075,0.0075
06.04.2021 09:48:01.951 GMT+0100,3510.467,3505.7790000000005,0.02,0.02
06.04.2021 09:48:04.478 GMT+0100,3510.1800000000003,3506.5740000000005,0.0075,0.0075
06.04.2021 09:48:04.529 GMT+0100,3511.1800000000003,3506.7790000000005,0.02,0.02
06.04.2021 09:48:04.579 GMT+0100,3510.303,3505.697,0.02,0.02
06.04.2021 09:48:19.737 GMT+0100,3511.467,3506.82,0.02,0.02
06.04.2021 09:48:30.266 GMT+0100,3510.508,3506.656,0.02,0.02
06.04.2021 09:48:30.467 GMT+0100,3511.221,3506.738,0.02,0.02
06.04.2021 09:48:31.032 GMT+0100,3510.3440000000005,3507,0.0075,0.02
06.04.2021 09:48:36.904 GMT+0100,3511.3440000000005,3506.697,0.02,0.02
06.04.2021 09:48:57.053 GMT+0100,3510.1800000000003,3507,0.0075,0.02
06.04.2021 09:49:00.299 GMT+0100,3511,3506.7790000000005,0.02,0.02
06.04.2021 09:49:00.350 GMT+0100,3510.467,3506.738,0.02,0.02
06.04.2021 09:49:05.124 GMT+0100,3511.1800000000003,3506.738,0.02,0.02
06.04.2021 09:49:07.205 GMT+0100,3512.303,3506.738,0.02,0.02
06.04.2021 09:49:07.496 GMT+0100,3511.262,3506.5740000000005,0.0075,0.02
06.04.2021 09:49:20.267 GMT+0100,3512.467,3507.492,0.02,0.02
06.04.2021 09:49:21.691 GMT+0100,3511,3506.7790000000005,0.02,0.02
