Local time,Ask,Bid,AskVolume,BidVolume
27.04.2021 08:00:17.572 GMT+0100,3446.3450000000003,3415.4500000000003,0.02,0.01
27.04.2021 08:00:25.176 GMT+0100,3445.427,3415.6140000000005,0.0075,0.02
27.04.2021 08:00:26.568 GMT+0100,3444.427,3415.6140000000005,0.0075,0.02
27.04.2021 08:00:27.239 GMT+0100,3443.55,3415.491,0.02,0.02
27.04.2021 08:00:29.857 GMT+0100,3442.0009999999997,3415.737,0.0075,0.02
27.04.2021 08:00:31.193 GMT+0100,3441.304,3415.696,0.02,0.02
27.04.2021 08:00:31.653 GMT+0100,3440.468,3415.573,0.02,0.02
27.04.2021 08:00:31.865 GMT+0100,3439.386,3415.4500000000003,0.02,0.02
27.04.2021 08:00:32.645 GMT+0100,3438.3450000000003,3415.696,0.0075,0.02
27.04.2021 08:00:39.018 GMT+0100,3437.0009999999997,3415.6140000000005,0.02,0.02
27.04.2021 08:00:39.197 GMT+0100,3438.263,3415.8190000000004,0.02,0.02
27.04.2021 08:00:39.247 GMT+0100,3435.222,3415.696,0.02,0.02
27.04.2021 08:00:39.351 GMT+0100,3435.222,3416.778,0.02,0.02
27.04.2021 08:00:41.580 GMT+0100,3434.386,3416.532,0.02,0.02
27.04.2021 08:00:51.979 GMT+0100,3430.263,3416.737,0.0075,0.02
27.04.2021 08:00:52.223 GMT+0100,3429.386,3416.9990000000003,0.02,0.02
27.04.2021 08:01:01.503 GMT+0100,3427.55,3416.8190000000004,0.0075,0.02
27.04.2021 08:01:01.665 GMT+0100,3426.222,3416.696,0.0075,0.0075
27.04.2021 08:01:01.715 GMT+0100,3426.468,3415.9990000000003,0.02,0.02
27.04.2021 08:01:02.222 GMT+0100,3425.5090000000005,3415.778,0.02,0.02
27.04.2021 08:01:12.598 GMT+0100,3424.386,3415.573,0.0075,0.0075
27.04.2021 08:01:12.648 GMT+0100,3424.181,3406.655,0.02,0.02
27.04.2021 08:01:13.222 GMT+0100,3423.468,3406.4500000000003,0.0075,0.0075
27.04.2021 08:01:13.851 GMT+0100,3423.222,3395.655,0.02,0.0075
27.04.2021 08:01:14.701 GMT+0100,3423.181,3396.6140000000005,0.02,0.02
27.04.2021 08:01:15.027 GMT+0100,3422.386,3396.4500000000003,0.0075,0.02
27.04.2021 08:01:15.078 GMT+0100,3423.427,3396.655,0.02,0.02
27.04.2021 08:01:15.273 GMT+0100,3422.181,3396.6140000000005,0.02,0.02
27.04.2021 08:01:16.193 GMT+0100,3416.3450000000003,3396.491,0.0075,0.02
27.04.2021 08:01:19.198 GMT+0100,3414.5090000000005,3396.573,0.0075,0.02
27.04.2021 08:01:22.193 GMT+0100,3423.386,3396.532,0.02,0.02
27.04.2021 08:01:22.246 GMT+0100,3417.304,3396.491,0.02,0.02
27.04.2021 08:01:25.546 GMT+0100,3416.0009999999997,3396.4500000000003,0.0075,0.02
27.04.2021 08:01:25.646 GMT+0100,3415.304,3396.532,0.02,0.02
27.04.2021 08:01:29.776 GMT+0100,3414.181,3396.696,0.0075,0.02
27.04.2021 08:01:31.576 GMT+0100,3413.222,3396.737,0.0075,0.02
27.04.2021 08:01:52.909 GMT+0100,3423.222,3398.778,0.02,0.02
27.04.2021 08:01:53.059 GMT+0100,3419.304,3397.655,0.02,0.02
27.04.2021 08:01:53.160 GMT+0100,3418.181,3398.737,0.02,0.02
27.04.2021 08:01:59.838 GMT+0100,3418.181,3399.8190000000004,0.02,0.0075
27.04.2021 08:02:01.631 GMT+0100,3418.386,3400.532,0.02,0.0075
27.04.2021 08:02:02.992 GMT+0100,3416.222,3400.532,0.0075,0.0075
27.04.2021 08:02:03.043 GMT+0100,3416.55,3396.8190000000004,0.02,0.02
27.04.2021 08:02:04.847 GMT+0100,3416.263,3404.778,0.02,0.0075
27.04.2021 08:03:09.247 GMT+0100,3416.0009999999997,3398.8190000000004,0.01,0.01
27.04.2021 08:03:09.297 GMT+0100,3416.386,3399.532,0.02,0.02
27.04.2021 08:03:09.559 GMT+0100,3416.386,3407.532,0.02,0.0075
27.04.2021 08:03:10.360 GMT+0100,3417.386,3407.737,0.02,0.02
27.04.2021 08:03:18.078 GMT+0100,3414.386,3396.655,0.02,0.02
27.04.2021 08:03:24.466 GMT+0100,3414.55,3392.6140000000005,0.02,0.02
27.04.2021 08:03:27.461 GMT+0100,3413.55,3392.778,0.0075,0.02
27.04.2021 08:03:28.768 GMT+0100,3411.5090000000005,3392.532,0.0075,0.02
27.04.2021 08:03:29.717 GMT+0100,3399.468,3392,0.0075,0.0075
27.04.2021 08:03:29.868 GMT+0100,3399.222,3374.778,0.02,0.02
27.04.2021 08:03:30.840 GMT+0100,3395.181,3371.737,0.02,0.02
27.04.2021 08:03:32.467 GMT+0100,3392.0009999999997,3372.778,0.0075,0.02
27.04.2021 08:03:32.580 GMT+0100,3392.181,3378.532,0.02,0.0075
27.04.2021 08:03:41.479 GMT+0100,3395.468,3378.9990000000003,0.02,0.02
27.04.2021 08:03:41.651 GMT+0100,3407.304,3379.573,0.02,0.02
27.04.2021 08:03:50.088 GMT+0100,3407.3450000000003,3380.8190000000004,0.02,0.0075
27.04.2021 08:03:51.642 GMT+0100,3407.3450000000003,3381.6140000000005,0.02,0.0075
27.04.2021 08:03:58.401 GMT+0100,3399.55,3381.696,0.02,0.02
27.04.2021 08:04:07.210 GMT+0100,3397.304,3381.778,0.02,0.02
27.04.2021 08:04:25.202 GMT+0100,3393.263,3378.8190000000004,0.02,0.02
27.04.2021 08:04:25.302 GMT+0100,3403.468,3379.4500000000003,0.02,0.02
27.04.2021 08:04:25.353 GMT+0100,3395.0009999999997,3379.491,0.02,0.02
27.04.2021 08:04:25.403 GMT+0100,3396.3450000000003,3379.4500000000003,0.02,0.02
27.04.2021 08:04:25.453 GMT+0100,3395.0009999999997,3379.737,0.02,0.02
27.04.2021 08:04:25.585 GMT+0100,3393.263,3379.4500000000003,0.02,0.02
27.04.2021 08:04:25.966 GMT+0100,3393.427,3375.8190000000004,0.02,0.02
27.04.2021 08:04:26.066 GMT+0100,3390.181,3372.696,0.02,0.02
27.04.2021 08:04:26.308 GMT+0100,3390.386,3369.532,0.02,0.02
27.04.2021 08:04:26.359 GMT+0100,3387.386,3369.696,0.02,0.02
27.04.2021 08:04:28.416 GMT+0100,3386.5090000000005,3369.491,0.02,0.02
27.04.2021 08:04:35.372 GMT+0100,3385.55,3369.491,0.0075,0.0075
27.04.2021 08:04:35.422 GMT+0100,3385.0009999999997,3364.4500000000003,0.02,0.02
27.04.2021 08:04:35.472 GMT+0100,3384.263,3364.8190000000004,0.02,0.02
27.04.2021 08:04:35.580 GMT+0100,3383.5090000000005,3364.737,0.0075,0.02
27.04.2021 08:04:52.124 GMT+0100,3382.3450000000003,3364.573,0.02,0.02
27.04.2021 08:04:52.241 GMT+0100,3381.427,3364.9990000000003,0.02,0.02
27.04.2021 08:05:02.545 GMT+0100,3368.0009999999997,3337.491,0.02,0.02
27.04.2021 08:05:02.897 GMT+0100,3367.55,3344.4500000000003,0.02,0.02
27.04.2021 08:05:03.223 GMT+0100,3367.222,3345.532,0.02,0.0075
27.04.2021 08:05:05.366 GMT+0100,3366.304,3345.573,0.02,0.02
27.04.2021 08:05:07.688 GMT+0100,3365.427,3345.491,0.02,0.02
27.04.2021 08:05:24.335 GMT+0100,3364.0009999999997,3345.737,0.0075,0.02
27.04.2021 08:05:24.435 GMT+0100,3364.0009999999997,3344.6140000000005,0.02,0.02
27.04.2021 08:05:24.485 GMT+0100,3361.304,3344.532,0.02,0.02
27.04.2021 08:05:35.017 GMT+0100,3377.181,3361.573,0.02,0.02
27.04.2021 08:05:35.768 GMT+0100,3374.5090000000005,3361.778,0.0075,0.02
27.04.2021 08:05:40.564 GMT+0100,3377.427,3361.6140000000005,0.02,0.02
27.04.2021 08:05:40.665 GMT+0100,3382.263,3366.778,0.02,0.02
27.04.2021 08:05:40.766 GMT+0100,3387.386,3365.4500000000003,0.02,0.02
27.04.2021 08:05:40.816 GMT+0100,3383.427,3367.9990000000003,0.02,0.02
27.04.2021 08:05:40.917 GMT+0100,3382.222,3367.6140000000005,0.02,0.02
27.04.2021 08:05:41.023 GMT+0100,3380.468,3372.737,0.02,0.0075
27.04.2021 08:05:45.108 GMT+0100,3380.181,3373.573,0.02,0.02
27.04.2021 08:05:50.756 GMT+0100,3388.386,3373.532,0.02,0.02
27.04.2021 08:05:50.862 GMT+0100,3396.468,3373.655,0.02,0.02
27.04.2021 08:05:50.912 GMT+0100,3396.222,3376.9990000000003,0.02,0.02
27.04.2021 08:05:51.081 GMT+0100,3396.222,3377.737,0.02,0.0075
27.04.2021 08:05:52.057 GMT+0100,3396.181,3376.532,0.02,0.02
27.04.2021 08:05:53.968 GMT+0100,3396.427,3378.737,0.02,0.0075
27.04.2021 08:05:54.244 GMT+0100,3389.0009999999997,3378.532,0.0075,0.02
27.04.2021 08:06:10.593 GMT+0100,3388.304,3364.737,0.02,0.02
27.04.2021 08:06:10.643 GMT+0100,3383.304,3361.737,0.02,0.02
27.04.2021 08:06:10.817 GMT+0100,3374.468,3361.655,0.0075,0.02
27.04.2021 08:06:10.868 GMT+0100,3376.304,3361.778,0.02,0.02
27.04.2021 08:06:10.918 GMT+0100,3374.386,3361.4500000000003,0.02,0.02
27.04.2021 08:06:11.109 GMT+0100,3376.3450000000003,3361.8190000000004,0.02,0.02
27.04.2021 08:06:11.222 GMT+0100,3374.263,3361.573,0.0075,0.02
27.04.2021 08:06:11.439 GMT+0100,3376.386,3361.9990000000003,0.02,0.02
27.04.2021 08:06:13.003 GMT+0100,3374.386,3361.9990000000003,0.0075,0.02
27.04.2021 08:06:15.646 GMT+0100,3373.468,3361.696,0.0075,0.02
27.04.2021 08:06:15.696 GMT+0100,3374.386,3361.6140000000005,0.02,0.02
27.04.2021 08:06:18.797 GMT+0100,3372.55,3361.573,0.02,0.02
27.04.2021 08:06:23.307 GMT+0100,3371.468,3361.778,0.0075,0.02
27.04.2021 08:06:37.922 GMT+0100,3370.181,3361.9990000000003,0.02,0.02
27.04.2021 08:06:38.147 GMT+0100,3368.3450000000003,3361.9990000000003,0.0075,0.02
27.04.2021 08:06:44.290 GMT+0100,3371.263,3361.532,0.02,0.02
27.04.2021 08:06:44.390 GMT+0100,3372.222,3361.9990000000003,0.02,0.02
27.04.2021 08:06:44.568 GMT+0100,3376.468,3363.6140000000005,0.02,0.0075
27.04.2021 08:06:44.820 GMT+0100,3376.304,3366.9990000000003,0.02,0.0075
27.04.2021 08:06:44.992 GMT+0100,3372.304,3366.8190000000004,0.0075,0.02
27.04.2021 08:07:16.837 GMT+0100,3376.0009999999997,3366.573,0.02,0.02
27.04.2021 08:07:16.887 GMT+0100,3372.0009999999997,3366.696,0.0075,0.02
27.04.2021 08:07:17.048 GMT+0100,3372.0009999999997,3368.8190000000004,0.02,0.0075
27.04.2021 08:07:18.874 GMT+0100,3372.3450000000003,3365.491,0.02,0.02
27.04.2021 08:07:19.034 GMT+0100,3376.304,3365.655,0.02,0.02
27.04.2021 08:07:20.853 GMT+0100,3372.304,3365.737,0.02,0.02
27.04.2021 08:07:24.507 GMT+0100,3371.304,3365.8190000000004,0.02,0.02
27.04.2021 08:07:31.923 GMT+0100,3370.304,3365.573,0.0075,0.02
27.04.2021 08:07:38.965 GMT+0100,3379.427,3365.532,0.02,0.02
27.04.2021 08:07:39.015 GMT+0100,3369.222,3365.6140000000005,0.02,0.02
27.04.2021 08:07:56.050 GMT+0100,3377.427,3365.532,0.02,0.02
27.04.2021 08:08:08.182 GMT+0100,3373.427,3365.491,0.0075,0.0075
27.04.2021 08:08:08.510 GMT+0100,3360.181,3337.655,0.02,0.0075
27.04.2021 08:08:08.811 GMT+0100,3360.5090000000005,3338.8190000000004,0.02,0.0075
27.04.2021 08:08:09.212 GMT+0100,3359.0009999999997,3342.491,0.0075,0.02
27.04.2021 08:08:12.319 GMT+0100,3359.181,3350.491,0.02,0.02
27.04.2021 08:08:13.307 GMT+0100,3357.5090000000005,3350.491,0.0075,0.0075
27.04.2021 08:08:13.358 GMT+0100,3354.304,3340.573,0.02,0.02
27.04.2021 08:08:13.877 GMT+0100,3353.181,3340.9990000000003,0.0075,0.02
27.04.2021 08:08:13.978 GMT+0100,3354.0009999999997,3340.4500000000003,0.02,0.02
27.04.2021 08:08:14.458 GMT+0100,3354.55,3342.532,0.0075,0.0075
27.04.2021 08:08:14.508 GMT+0100,3357.3450000000003,3342.737,0.02,0.02
27.04.2021 08:08:14.908 GMT+0100,3357.304,3348.655,0.02,0.0075
27.04.2021 08:08:16.826 GMT+0100,3355.0009999999997,3348.655,0.0075,0.02
27.04.2021 08:08:18.865 GMT+0100,3354.263,3348.9990000000003,0.0075,0.02
27.04.2021 08:08:19.568 GMT+0100,3353.5090000000005,3348.491,0.0075,0.02
27.04.2021 08:08:22.830 GMT+0100,3356.468,3348.573,0.02,0.02
27.04.2021 08:08:23.016 GMT+0100,3356.427,3349.4500000000003,0.02,0.0075
27.04.2021 08:08:23.898 GMT+0100,3353.5090000000005,3349.696,0.0075,0.0075
27.04.2021 08:08:23.949 GMT+0100,3353.181,3345.573,0.02,0.02
27.04.2021 08:08:27.229 GMT+0100,3352.3450000000003,3345.6140000000005,0.0075,0.02
27.04.2021 08:08:27.568 GMT+0100,3351.468,3345.4500000000003,0.0075,0.02
27.04.2021 08:08:27.921 GMT+0100,3351.3450000000003,3336.6140000000005,0.02,0.02
27.04.2021 08:08:28.022 GMT+0100,3349.427,3334.9990000000003,0.02,0.02
27.04.2021 08:08:31.214 GMT+0100,3348.3450000000003,3334.737,0.0075,0.02
27.04.2021 08:08:33.671 GMT+0100,3348.222,3341.532,0.02,0.0075
27.04.2021 08:08:34.620 GMT+0100,3348.55,3342.491,0.02,0.0075
27.04.2021 08:08:37.206 GMT+0100,3348.263,3343.491,0.02,0.02
27.04.2021 08:08:42.835 GMT+0100,3348.386,3342.491,0.02,0.02
27.04.2021 08:08:42.885 GMT+0100,3341.304,3328.491,0.02,0.02
27.04.2021 08:08:43.634 GMT+0100,3344.5090000000005,3328.655,0.02,0.02
27.04.2021 08:08:46.872 GMT+0100,3343.427,3328.6140000000005,0.0075,0.02
27.04.2021 08:08:47.957 GMT+0100,3344.263,3328.655,0.02,0.02
27.04.2021 08:08:49.056 GMT+0100,3344.3450000000003,3334.532,0.02,0.0075
27.04.2021 08:09:06.136 GMT+0100,3346.181,3335.778,0.02,0.02
27.04.2021 08:09:06.310 GMT+0100,3346.263,3339.532,0.02,0.02
27.04.2021 08:09:07.030 GMT+0100,3346.222,3340.737,0.02,0.02
27.04.2021 08:09:07.176 GMT+0100,3346.5090000000005,3339.491,0.02,0.02
27.04.2021 08:09:09.915 GMT+0100,3346.263,3340.532,0.02,0.0075
27.04.2021 08:09:10.066 GMT+0100,3344.263,3339.573,0.02,0.02
27.04.2021 08:09:10.116 GMT+0100,3346.3450000000003,3339.737,0.02,0.02
27.04.2021 08:09:10.429 GMT+0100,3345.468,3339.737,0.0075,0.02
27.04.2021 08:09:10.530 GMT+0100,3346.427,3339.737,0.02,0.02
27.04.2021 08:09:11.244 GMT+0100,3351.3450000000003,3339.9990000000003,0.02,0.02
27.04.2021 08:09:12.185 GMT+0100,3356.3450000000003,3339.8190000000004,0.02,0.02
27.04.2021 08:09:12.430 GMT+0100,3356.55,3337.737,0.02,0.02
27.04.2021 08:09:13.889 GMT+0100,3350.5090000000005,3337.8190000000004,0.02,0.02
27.04.2021 08:09:14.034 GMT+0100,3355.0009999999997,3337.532,0.02,0.02
27.04.2021 08:09:14.204 GMT+0100,3355.304,3343.8190000000004,0.02,0.0075
27.04.2021 08:09:16.215 GMT+0100,3348.3450000000003,3343.9990000000003,0.02,0.02
27.04.2021 08:09:16.266 GMT+0100,3347.263,3334.655,0.02,0.02
27.04.2021 08:09:16.418 GMT+0100,3348.386,3334.532,0.02,0.02
27.04.2021 08:09:21.347 GMT+0100,3348.468,3339.778,0.02,0.0075
27.04.2021 08:09:21.835 GMT+0100,3344.222,3339.696,0.0075,0.02
27.04.2021 08:09:27.824 GMT+0100,3348.55,3328.655,0.02,0.02
27.04.2021 08:09:27.874 GMT+0100,3347.5090000000005,3328.532,0.02,0.02
27.04.2021 08:09:29.217 GMT+0100,3347.181,3334.8190000000004,0.02,0.0075
27.04.2021 08:09:29.505 GMT+0100,3347.55,3329.9990000000003,0.02,0.02
27.04.2021 08:09:30.866 GMT+0100,3346.3450000000003,3329.8190000000004,0.02,0.02
27.04.2021 08:09:33.906 GMT+0100,3344.55,3332.6140000000005,0.02,0.0075
27.04.2021 08:09:42.656 GMT+0100,3347.3450000000003,3335.532,0.02,0.0075
27.04.2021 08:09:46.265 GMT+0100,3341.181,3335.655,0.02,0.02
27.04.2021 08:09:46.478 GMT+0100,3341.3450000000003,3332.6140000000005,0.02,0.02
27.04.2021 08:09:49.088 GMT+0100,3341.181,3334.532,0.02,0.0075
27.04.2021 08:09:49.812 GMT+0100,3341.468,3335.737,0.02,0.0075
27.04.2021 08:09:56.291 GMT+0100,3341.5090000000005,3336.4500000000003,0.02,0.02
27.04.2021 08:09:58.576 GMT+0100,3347.3450000000003,3336.655,0.02,0.02
27.04.2021 08:09:58.787 GMT+0100,3340.25,3336.696,0.0075,0.02
27.04.2021 08:09:58.888 GMT+0100,3347.222,3336.6140000000005,0.02,0.02
27.04.2021 08:09:59.496 GMT+0100,3341.427,3336.532,0.0075,0.02
27.04.2021 08:09:59.972 GMT+0100,3340.222,3336.737,0.0075,0.02
27.04.2021 08:10:02.557 GMT+0100,3347.263,3336.655,0.02,0.02
27.04.2021 08:10:03.210 GMT+0100,3352.263,3336.737,0.02,0.02
27.04.2021 08:10:03.356 GMT+0100,3355.263,3336.696,0.02,0.02
27.04.2021 08:10:03.492 GMT+0100,3355.263,3337.778,0.02,0.0075
27.04.2021 08:10:03.593 GMT+0100,3355.0009999999997,3343.655,0.02,0.02
27.04.2021 08:10:04.150 GMT+0100,3355.263,3344.532,0.02,0.0075
27.04.2021 08:10:06.216 GMT+0100,3355.5090000000005,3345.4500000000003,0.02,0.0075
27.04.2021 08:10:10.894 GMT+0100,3355.468,3348.573,0.0075,0.0075
27.04.2021 08:10:10.944 GMT+0100,3356.427,3348.696,0.02,0.02
27.04.2021 08:10:11.285 GMT+0100,3359.427,3348.696,0.02,0.02
27.04.2021 08:10:11.686 GMT+0100,3360.5090000000005,3348.6140000000005,0.02,0.02
27.04.2021 08:10:11.763 GMT+0100,3360.222,3351.9990000000003,0.02,0.02
27.04.2021 08:10:12.035 GMT+0100,3367.304,3351.573,0.02,0.02
27.04.2021 08:10:12.380 GMT+0100,3367.181,3355.655,0.02,0.0075
27.04.2021 08:10:12.568 GMT+0100,3369.386,3355.573,0.02,0.02
27.04.2021 08:10:12.618 GMT+0100,3363.222,3355.491,0.02,0.02
27.04.2021 08:10:14.903 GMT+0100,3363.5090000000005,3349.491,0.02,0.02
27.04.2021 08:10:14.968 GMT+0100,3363.3450000000003,3350.4500000000003,0.02,0.0075
27.04.2021 08:10:15.593 GMT+0100,3363.263,3356.491,0.02,0.0075
27.04.2021 08:10:16.393 GMT+0100,3361.3450000000003,3356.8190000000004,0.0075,0.02
27.04.2021 08:10:18.915 GMT+0100,3357.3450000000003,3349.655,0.02,0.02
27.04.2021 08:10:20.568 GMT+0100,3361.0009999999997,3349.4500000000003,0.02,0.02
27.04.2021 08:10:20.776 GMT+0100,3361.386,3350.532,0.02,0.0075
27.04.2021 08:10:24.885 GMT+0100,3360.5090000000005,3350.655,0.0075,0.02
27.04.2021 08:10:42.632 GMT+0100,3356.222,3350.573,0.0075,0.02
27.04.2021 08:10:42.836 GMT+0100,3355.263,3350.778,0.02,0.02
27.04.2021 08:10:42.968 GMT+0100,3356.181,3350.737,0.02,0.02
27.04.2021 08:10:43.283 GMT+0100,3355.181,3350.655,0.02,0.02
27.04.2021 08:11:03.522 GMT+0100,3347.304,3334.4500000000003,0.02,0.02
27.04.2021 08:11:03.614 GMT+0100,3346.427,3334.9990000000003,0.0075,0.02
27.04.2021 08:11:03.664 GMT+0100,3347.3450000000003,3333.532,0.02,0.02
27.04.2021 08:11:04.115 GMT+0100,3347.222,3334.491,0.02,0.0075
27.04.2021 08:11:04.315 GMT+0100,3349.427,3334.6140000000005,0.02,0.02
27.04.2021 08:11:04.416 GMT+0100,3349.5090000000005,3336.778,0.02,0.0075
27.04.2021 08:11:05.226 GMT+0100,3349.55,3341.491,0.0075,0.0075
27.04.2021 08:11:05.277 GMT+0100,3353.5090000000005,3341.573,0.02,0.02
27.04.2021 08:11:05.720 GMT+0100,3349.263,3341.573,0.0075,0.02
27.04.2021 08:11:05.899 GMT+0100,3353.263,3341.491,0.02,0.02
27.04.2021 08:11:06.306 GMT+0100,3351.55,3341.532,0.0075,0.02
27.04.2021 08:11:06.520 GMT+0100,3353.468,3341.9990000000003,0.02,0.02
27.04.2021 08:11:07.888 GMT+0100,3350.427,3341.9990000000003,0.02,0.02
27.04.2021 08:11:10.685 GMT+0100,3345.55,3341.491,0.02,0.02
27.04.2021 08:11:10.846 GMT+0100,3345.468,3340.655,0.02,0.02
27.04.2021 08:11:15.472 GMT+0100,3345.386,3333.4500000000003,0.02,0.02
27.04.2021 08:11:16.372 GMT+0100,3345.222,3334.696,0.02,0.0075
27.04.2021 08:11:16.576 GMT+0100,3345.3450000000003,3339.8190000000004,0.02,0.02
27.04.2021 08:11:16.706 GMT+0100,3345.55,3340.778,0.02,0.02
27.04.2021 08:11:19.454 GMT+0100,3353.263,3340.4500000000003,0.02,0.02
27.04.2021 08:11:19.882 GMT+0100,3348.304,3340.573,0.0075,0.02
27.04.2021 08:11:19.983 GMT+0100,3353.5090000000005,3340.532,0.02,0.02
27.04.2021 08:11:24.455 GMT+0100,3348.181,3340.696,0.0075,0.02
27.04.2021 08:11:26.606 GMT+0100,3347.468,3340.491,0.0075,0.02
27.04.2021 08:11:26.656 GMT+0100,3348.468,3340.573,0.02,0.02
27.04.2021 08:11:28.629 GMT+0100,3346.427,3340.737,0.02,0.02
27.04.2021 08:11:28.730 GMT+0100,3345.0009999999997,3340.737,0.02,0.02
27.04.2021 08:11:28.914 GMT+0100,3348.0009999999997,3340.6140000000005,0.02,0.02
27.04.2021 08:11:29.443 GMT+0100,3345.386,3340.6140000000005,0.0075,0.02
27.04.2021 08:11:30.448 GMT+0100,3345.5090000000005,3339.696,0.02,0.02
27.04.2021 08:11:30.584 GMT+0100,3342.222,3330.532,0.0075,0.02
27.04.2021 08:11:30.684 GMT+0100,3344.5090000000005,3330.9990000000003,0.02,0.02
27.04.2021 08:11:31.643 GMT+0100,3341.222,3330.532,0.0075,0.02
27.04.2021 08:11:31.744 GMT+0100,3344.263,3330.4500000000003,0.02,0.02
27.04.2021 08:11:36.750 GMT+0100,3344.181,3334.778,0.02,0.0075
27.04.2021 08:11:36.907 GMT+0100,3345.0009999999997,3337.532,0.02,0.02
27.04.2021 08:11:41.721 GMT+0100,3345.181,3332.6140000000005,0.02,0.02
27.04.2021 08:11:42.572 GMT+0100,3344.3450000000003,3332.491,0.02,0.02
27.04.2021 08:11:43.187 GMT+0100,3348.181,3332.573,0.02,0.02
27.04.2021 08:11:43.237 GMT+0100,3353.427,3338.532,0.02,0.02
27.04.2021 08:11:44.040 GMT+0100,3353.222,3340.9990000000003,0.02,0.02
27.04.2021 08:11:44.335 GMT+0100,3360.386,3344.778,0.02,0.02
27.04.2021 08:11:44.477 GMT+0100,3359.304,3344.6140000000005,0.0075,0.0075
27.04.2021 08:11:44.528 GMT+0100,3360.222,3342.696,0.02,0.02
27.04.2021 08:11:44.578 GMT+0100,3360.304,3347.491,0.02,0.02
27.04.2021 08:11:44.772 GMT+0100,3360.386,3348.4500000000003,0.02,0.0075
27.04.2021 08:11:50.638 GMT+0100,3360.468,3343.532,0.02,0.02
27.04.2021 08:11:51.324 GMT+0100,3356.304,3343.573,0.0075,0.02
27.04.2021 08:11:53.972 GMT+0100,3350.263,3343.6140000000005,0.0075,0.0075
27.04.2021 08:11:54.022 GMT+0100,3350.386,3341.655,0.02,0.02
27.04.2021 08:11:54.173 GMT+0100,3356.5090000000005,3341.6140000000005,0.02,0.02
27.04.2021 08:11:54.224 GMT+0100,3350.0009999999997,3341.655,0.02,0.02
27.04.2021 08:11:57.814 GMT+0100,3350.55,3339.8190000000004,0.02,0.02
27.04.2021 08:12:00.073 GMT+0100,3350.468,3336.655,0.02,0.02
27.04.2021 08:12:02.114 GMT+0100,3344.0009999999997,3336.573,0.0075,0.02
27.04.2021 08:12:04.362 GMT+0100,3344.427,3329.778,0.02,0.02
27.04.2021 08:12:04.412 GMT+0100,3344.0009999999997,3336.778,0.02,0.02
27.04.2021 08:12:06.682 GMT+0100,3341.468,3336.4500000000003,0.02,0.02
27.04.2021 08:12:07.677 GMT+0100,3344.181,3336.9990000000003,0.02,0.02
27.04.2021 08:12:07.729 GMT+0100,3344.222,3337.4500000000003,0.02,0.02
27.04.2021 08:12:16.442 GMT+0100,3344.468,3336.4500000000003,0.02,0.02
27.04.2021 08:12:16.608 GMT+0100,3343.181,3336.532,0.0075,0.02
27.04.2021 08:12:18.262 GMT+0100,3343.222,3337.655,0.02,0.02
27.04.2021 08:12:27.185 GMT+0100,3352.263,3338.4500000000003,0.02,0.02
27.04.2021 08:12:27.682 GMT+0100,3357.181,3338.6140000000005,0.02,0.02
27.04.2021 08:12:28.868 GMT+0100,3351.222,3338.655,0.0075,0.02
27.04.2021 08:12:29.018 GMT+0100,3351.181,3345.696,0.02,0.02
27.04.2021 08:12:32.930 GMT+0100,3350.181,3345.573,0.02,0.02
27.04.2021 08:12:33.443 GMT+0100,3350.5090000000005,3344.491,0.02,0.02
27.04.2021 08:13:02.664 GMT+0100,3350.468,3346.655,0.0075,0.0075
27.04.2021 08:13:02.715 GMT+0100,3353.427,3346.8190000000004,0.02,0.02
27.04.2021 08:13:02.765 GMT+0100,3350.263,3344.737,0.02,0.02
27.04.2021 08:13:03.764 GMT+0100,3350.468,3345.696,0.02,0.02
27.04.2021 08:13:04.227 GMT+0100,3352.386,3345.737,0.02,0.02
27.04.2021 08:13:04.356 GMT+0100,3357.55,3345.8190000000004,0.0075,0.02
27.04.2021 08:13:05.540 GMT+0100,3358.5090000000005,3345.4500000000003,0.02,0.02
27.04.2021 08:13:05.667 GMT+0100,3359.5090000000005,3348.655,0.02,0.02
27.04.2021 08:13:05.939 GMT+0100,3359.3450000000003,3345.491,0.02,0.02
27.04.2021 08:13:05.990 GMT+0100,3352.181,3345.532,0.02,0.02
27.04.2021 08:13:06.040 GMT+0100,3358.222,3345.8190000000004,0.02,0.02
27.04.2021 08:13:06.180 GMT+0100,3357.5090000000005,3345.4500000000003,0.0075,0.02
27.04.2021 08:13:07.227 GMT+0100,3351.3450000000003,3345.6140000000005,0.02,0.02
27.04.2021 08:13:07.362 GMT+0100,3357.181,3345.9990000000003,0.02,0.02
27.04.2021 08:13:12.776 GMT+0100,3351.263,3345.491,0.02,0.02
27.04.2021 08:13:30.204 GMT+0100,3351.386,3346.4500000000003,0.02,0.0075
27.04.2021 08:14:08.849 GMT+0100,3351.3450000000003,3345.9990000000003,0.02,0.02
27.04.2021 08:14:08.950 GMT+0100,3349.5090000000005,3345.737,0.02,0.02
27.04.2021 08:14:11.696 GMT+0100,3349.3450000000003,3339.8190000000004,0.02,0.02
27.04.2021 08:14:11.780 GMT+0100,3348.386,3340.696,0.0075,0.0075
27.04.2021 08:14:12.022 GMT+0100,3349.427,3340.696,0.02,0.02
27.04.2021 08:14:12.458 GMT+0100,3348.3450000000003,3340.9990000000003,0.0075,0.02
27.04.2021 08:14:14.253 GMT+0100,3348.5090000000005,3339.8190000000004,0.02,0.02
27.04.2021 08:14:15.464 GMT+0100,3348.263,3340.8190000000004,0.02,0.0075
27.04.2021 08:14:15.514 GMT+0100,3348.0009999999997,3339.655,0.02,0.02
27.04.2021 08:14:15.565 GMT+0100,3347.304,3331.9990000000003,0.02,0.02
27.04.2021 08:14:16.897 GMT+0100,3347.0009999999997,3330.778,0.02,0.02
27.04.2021 08:14:17.839 GMT+0100,3346.304,3330.737,0.0075,0.02
27.04.2021 08:14:20.004 GMT+0100,3345.386,3330.573,0.0075,0.02
27.04.2021 08:14:20.572 GMT+0100,3339.181,3328.655,0.02,0.02
27.04.2021 08:14:20.623 GMT+0100,3335.468,3315.778,0.02,0.02
27.04.2021 08:14:20.970 GMT+0100,3335.5090000000005,3317.778,0.02,0.0075
27.04.2021 08:14:21.348 GMT+0100,3332.222,3317.6140000000005,0.0075,0.02
27.04.2021 08:14:22.003 GMT+0100,3331.181,3315.655,0.02,0.02
27.04.2021 08:14:23.388 GMT+0100,3330.263,3315.9990000000003,0.0075,0.02
27.04.2021 08:14:24.457 GMT+0100,3332.55,3315.696,0.02,0.02
27.04.2021 08:14:24.508 GMT+0100,3343.427,3323.4500000000003,0.02,0.02
27.04.2021 08:14:24.558 GMT+0100,3343.386,3325.737,0.02,0.02
27.04.2021 08:14:25.507 GMT+0100,3338.468,3325.6140000000005,0.02,0.02
27.04.2021 08:14:29.069 GMT+0100,3334.0009999999997,3325.8190000000004,0.02,0.02
27.04.2021 08:14:51.847 GMT+0100,3339.304,3325.8190000000004,0.02,0.02
27.04.2021 08:14:51.897 GMT+0100,3335.427,3325.491,0.02,0.02
27.04.2021 08:14:57.055 GMT+0100,3333.386,3325.8190000000004,0.02,0.02
27.04.2021 08:15:00.171 GMT+0100,3333.0009999999997,3326.573,0.02,0.02
27.04.2021 08:15:08.158 GMT+0100,3335.181,3326.573,0.02,0.02
27.04.2021 08:15:15.437 GMT+0100,3343.427,3327.4500000000003,0.02,0.02
27.04.2021 08:15:15.892 GMT+0100,3340.427,3329.9990000000003,0.0075,0.0075
27.04.2021 08:15:16.483 GMT+0100,3347.55,3335.737,0.02,0.02
27.04.2021 08:15:18.173 GMT+0100,3345.468,3335.8190000000004,0.02,0.02
27.04.2021 08:15:25.505 GMT+0100,3344.386,3335.737,0.0075,0.02
27.04.2021 08:15:37.729 GMT+0100,3344.468,3337.8190000000004,0.02,0.0075
27.04.2021 08:15:37.830 GMT+0100,3347.427,3342.778,0.02,0.02
27.04.2021 08:15:37.880 GMT+0100,3351.222,3342.696,0.02,0.02
27.04.2021 08:15:37.981 GMT+0100,3350.5090000000005,3342.491,0.02,0.02
27.04.2021 08:15:42.764 GMT+0100,3350.468,3343.573,0.02,0.02
27.04.2021 08:15:57.670 GMT+0100,3345.55,3334.4500000000003,0.02,0.02
27.04.2021 08:15:58.146 GMT+0100,3345.386,3340.778,0.02,0.0075
27.04.2021 08:16:01.490 GMT+0100,3345.55,3334.696,0.02,0.02
27.04.2021 08:16:02.254 GMT+0100,3344.3450000000003,3340.737,0.02,0.02
27.04.2021 08:16:02.418 GMT+0100,3344.0009999999997,3334.737,0.02,0.02
27.04.2021 08:16:03.256 GMT+0100,3344.55,3340.8190000000004,0.02,0.02
27.04.2021 08:16:07.019 GMT+0100,3344.222,3334.737,0.02,0.02
27.04.2021 08:16:08.084 GMT+0100,3343.5090000000005,3334.4500000000003,0.02,0.02
27.04.2021 08:16:08.399 GMT+0100,3343.427,3340.5,0.02,0.0075
27.04.2021 08:16:08.450 GMT+0100,3349.55,3341.491,0.02,0.02
27.04.2021 08:16:27.661 GMT+0100,3347.222,3341.778,0.0075,0.02
27.04.2021 08:16:59.731 GMT+0100,3348.386,3346.655,0.02,0.02
27.04.2021 08:16:59.800 GMT+0100,3348.427,3335.573,0.02,0.02
27.04.2021 08:16:59.972 GMT+0100,3348.55,3339.8190000000004,0.02,0.0075
27.04.2021 08:17:00.174 GMT+0100,3348.3450000000003,3341.491,0.02,0.02
27.04.2021 08:17:01.989 GMT+0100,3348.55,3342.9990000000003,0.02,0.02
27.04.2021 08:17:02.954 GMT+0100,3350.427,3342.532,0.02,0.02
27.04.2021 08:17:10.876 GMT+0100,3349.386,3342.532,0.02,0.02
27.04.2021 08:17:18.232 GMT+0100,3348.3450000000003,3342.4500000000003,0.0075,0.02
27.04.2021 08:17:33.672 GMT+0100,3347.5090000000005,3342.491,0.02,0.02
27.04.2021 08:17:40.231 GMT+0100,3348.5090000000005,3342.9990000000003,0.02,0.02
27.04.2021 08:17:47.176 GMT+0100,3346.427,3339.573,0.02,0.02
27.04.2021 08:17:48.158 GMT+0100,3346.0009999999997,3340.8190000000004,0.02,0.0075
27.04.2021 08:18:08.848 GMT+0100,3346.0009999999997,3341.6140000000005,0.02,0.0075
27.04.2021 08:18:08.898 GMT+0100,3350.3450000000003,3341.4500000000003,0.02,0.02
27.04.2021 08:18:17.878 GMT+0100,3348.263,3341.655,0.0075,0.02
27.04.2021 08:18:52.172 GMT+0100,3350.181,3344.9990000000003,0.02,0.02
27.04.2021 08:18:52.273 GMT+0100,3360.3450000000003,3349.491,0.02,0.02
27.04.2021 08:18:56.308 GMT+0100,3360.222,3350.778,0.02,0.0075
27.04.2021 08:19:00.385 GMT+0100,3360.3450000000003,3353.532,0.02,0.02
27.04.2021 08:19:01.789 GMT+0100,3360.304,3354.6140000000005,0.02,0.0075
27.04.2021 08:19:06.721 GMT+0100,3356.55,3353.25,0.0075,0.0075
27.04.2021 08:19:06.772 GMT+0100,3356.427,3341.737,0.02,0.02
27.04.2021 08:19:06.822 GMT+0100,3356.386,3344.6140000000005,0.02,0.02
27.04.2021 08:19:06.923 GMT+0100,3355.181,3341.737,0.02,0.02
27.04.2021 08:19:07.176 GMT+0100,3355.222,3344.9990000000003,0.02,0.02
27.04.2021 08:19:07.896 GMT+0100,3354.5090000000005,3344.655,0.02,0.02
27.04.2021 08:19:08.079 GMT+0100,3353.3450000000003,3344.8190000000004,0.02,0.02
27.04.2021 08:19:09.689 GMT+0100,3353.3450000000003,3346.655,0.02,0.02
27.04.2021 08:19:09.867 GMT+0100,3353.386,3344.4500000000003,0.02,0.02
27.04.2021 08:19:30.425 GMT+0100,3353.304,3347.696,0.0075,0.0075
27.04.2021 08:19:30.475 GMT+0100,3360.263,3347.9990000000003,0.02,0.02
27.04.2021 08:19:39.040 GMT+0100,3360.181,3348.491,0.02,0.0075
27.04.2021 08:19:45.843 GMT+0100,3358.386,3351.9990000000003,0.02,0.02
27.04.2021 08:19:45.944 GMT+0100,3358.468,3352.737,0.02,0.02
27.04.2021 08:19:46.045 GMT+0100,3358.263,3351.778,0.02,0.02
27.04.2021 08:19:46.146 GMT+0100,3358.304,3350.9990000000003,0.02,0.02
27.04.2021 08:19:46.376 GMT+0100,3358.304,3351.6140000000005,0.02,0.0075
27.04.2021 08:19:46.994 GMT+0100,3358.468,3352.655,0.02,0.0075
27.04.2021 08:19:55.848 GMT+0100,3357.222,3352.8190000000004,0.0075,0.02
27.04.2021 08:19:55.898 GMT+0100,3357.222,3349.655,0.02,0.02
27.04.2021 08:19:55.949 GMT+0100,3356.263,3349.655,0.02,0.02
27.04.2021 08:20:02.285 GMT+0100,3356.3450000000003,3345.655,0.02,0.02
27.04.2021 08:20:02.385 GMT+0100,3350.468,3345.6140000000005,0.02,0.02
27.04.2021 08:20:02.436 GMT+0100,3350.55,3342.9990000000003,0.02,0.02
27.04.2021 08:20:02.980 GMT+0100,3350.427,3344.8190000000004,0.02,0.02
27.04.2021 08:20:03.252 GMT+0100,3350.427,3345.696,0.02,0.0075
27.04.2021 08:20:03.847 GMT+0100,3357.263,3345.737,0.02,0.02
27.04.2021 08:20:08.001 GMT+0100,3351.0009999999997,3345.778,0.02,0.02
27.04.2021 08:20:24.260 GMT+0100,3351.386,3346.4500000000003,0.02,0.02
27.04.2021 08:20:33.072 GMT+0100,3351.55,3345.9990000000003,0.02,0.02
27.04.2021 08:20:44.168 GMT+0100,3351.55,3346.8190000000004,0.02,0.0075
27.04.2021 08:20:48.905 GMT+0100,3351.55,3343.655,0.02,0.02
27.04.2021 08:20:48.955 GMT+0100,3350.5090000000005,3345.6140000000005,0.02,0.02
27.04.2021 08:20:49.006 GMT+0100,3353.55,3345.8190000000004,0.02,0.02
27.04.2021 08:20:49.106 GMT+0100,3356.5090000000005,3343.491,0.02,0.02
27.04.2021 08:20:49.156 GMT+0100,3356.222,3345.696,0.02,0.02
27.04.2021 08:20:50.684 GMT+0100,3358.5090000000005,3345.6140000000005,0.02,0.02
27.04.2021 08:20:58.848 GMT+0100,3356.181,3345.696,0.0075,0.02
27.04.2021 08:21:10.750 GMT+0100,3356.304,3346.573,0.02,0.0075
27.04.2021 08:21:10.801 GMT+0100,3356.5090000000005,3345.532,0.02,0.02
27.04.2021 08:21:14.296 GMT+0100,3355.386,3345.491,0.02,0.02
27.04.2021 08:21:16.252 GMT+0100,3355.427,3346.491,0.02,0.02
27.04.2021 08:21:20.839 GMT+0100,3354.386,3346.491,0.02,0.02
27.04.2021 08:21:28.162 GMT+0100,3353.468,3346.9990000000003,0.0075,0.02
27.04.2021 08:21:32.839 GMT+0100,3350.263,3346.696,0.02,0.02
27.04.2021 08:21:37.082 GMT+0100,3350.222,3344.4500000000003,0.02,0.02
27.04.2021 08:22:05.064 GMT+0100,3348.263,3343.737,0.02,0.02
27.04.2021 08:22:05.236 GMT+0100,3349.55,3343.655,0.02,0.02
27.04.2021 08:22:05.908 GMT+0100,3348.427,3343.8190000000004,0.0075,0.02
27.04.2021 08:22:16.389 GMT+0100,3348.304,3344.6140000000005,0.0075,0.0075
27.04.2021 08:22:16.439 GMT+0100,3350.427,3344.8190000000004,0.02,0.02
27.04.2021 08:22:32.906 GMT+0100,3354.222,3344.696,0.02,0.02
27.04.2021 08:22:32.956 GMT+0100,3350.468,3344.573,0.02,0.02
27.04.2021 08:22:33.392 GMT+0100,3350.5090000000005,3345.778,0.02,0.0075
27.04.2021 08:22:33.493 GMT+0100,3351.427,3345.6140000000005,0.02,0.02
27.04.2021 08:22:40.879 GMT+0100,3350.0009999999997,3345.9990000000003,0.0075,0.02
27.04.2021 08:22:41.660 GMT+0100,3351.222,3345.696,0.02,0.02
27.04.2021 08:22:48.654 GMT+0100,3349.427,3344.737,0.02,0.02
27.04.2021 08:22:50.618 GMT+0100,3349.181,3342.8190000000004,0.02,0.02
27.04.2021 08:22:51.024 GMT+0100,3348.5090000000005,3342.778,0.0075,0.02
27.04.2021 08:22:51.219 GMT+0100,3348.263,3343.4500000000003,0.02,0.0075
27.04.2021 08:22:55.558 GMT+0100,3348.263,3342.778,0.02,0.02
27.04.2021 08:22:56.193 GMT+0100,3348.55,3343.737,0.02,0.0075
27.04.2021 08:22:58.235 GMT+0100,3347.3450000000003,3343.6140000000005,0.0075,0.02
27.04.2021 08:22:58.285 GMT+0100,3347.181,3342.6140000000005,0.02,0.02
27.04.2021 08:23:00.868 GMT+0100,3347.55,3344.9990000000003,0.02,0.0075
27.04.2021 08:23:00.918 GMT+0100,3348.5090000000005,3344.573,0.02,0.02
27.04.2021 08:23:02.042 GMT+0100,3348.5090000000005,3342.778,0.02,0.02
27.04.2021 08:23:07.475 GMT+0100,3347.427,3342.696,0.0075,0.02
27.04.2021 08:23:08.364 GMT+0100,3348.468,3343.9990000000003,0.02,0.02
27.04.2021 08:23:09.210 GMT+0100,3345.55,3343.778,0.02,0.02
27.04.2021 08:23:11.111 GMT+0100,3348.386,3343.737,0.02,0.02
27.04.2021 08:23:11.172 GMT+0100,3345.263,3335.491,0.02,0.02
27.04.2021 08:23:12.115 GMT+0100,3345.263,3341.573,0.02,0.02
27.04.2021 08:23:12.610 GMT+0100,3345.3450000000003,3335.696,0.02,0.02
27.04.2021 08:23:13.102 GMT+0100,3345.55,3340.532,0.02,0.0075
27.04.2021 08:23:13.576 GMT+0100,3344.222,3340.6140000000005,0.02,0.02
27.04.2021 08:23:21.128 GMT+0100,3344.3450000000003,3338.9990000000003,0.02,0.02
27.04.2021 08:23:21.507 GMT+0100,3344.386,3341.737,0.02,0.0075
27.04.2021 08:23:21.632 GMT+0100,3345.222,3341.4500000000003,0.02,0.02
27.04.2021 08:23:22.064 GMT+0100,3345.468,3338.6140000000005,0.02,0.02
27.04.2021 08:23:22.208 GMT+0100,3345.468,3340.573,0.02,0.0075
27.04.2021 08:23:23.146 GMT+0100,3345.0009999999997,3342.655,0.02,0.0075
27.04.2021 08:23:23.332 GMT+0100,3351.427,3342.8190000000004,0.02,0.02
27.04.2021 08:23:23.698 GMT+0100,3350.55,3340.4500000000003,0.02,0.02
27.04.2021 08:23:25.899 GMT+0100,3346.468,3340.4500000000003,0.0075,0.02
27.04.2021 08:23:28.094 GMT+0100,3345.222,3340.778,0.0075,0.02
27.04.2021 08:23:36.230 GMT+0100,3345.304,3338.8190000000004,0.02,0.02
27.04.2021 08:23:36.280 GMT+0100,3344.263,3338.532,0.02,0.02
27.04.2021 08:23:37.106 GMT+0100,3344.3450000000003,3340.573,0.02,0.02
27.04.2021 08:23:51.917 GMT+0100,3347.55,3340.655,0.02,0.02
27.04.2021 08:23:51.968 GMT+0100,3351.263,3340.6140000000005,0.02,0.02
27.04.2021 08:23:54.884 GMT+0100,3351.468,3341.491,0.02,0.0075
27.04.2021 08:23:57.010 GMT+0100,3351.181,3342.737,0.02,0.0075
27.04.2021 08:24:13.276 GMT+0100,3344.427,3341.9990000000003,0.0075,0.02
27.04.2021 08:24:16.909 GMT+0100,3345.0009999999997,3342.737,0.02,0.02
27.04.2021 08:24:17.618 GMT+0100,3351.263,3342.573,0.02,0.02
27.04.2021 08:24:23.564 GMT+0100,3351.0009999999997,3343.532,0.02,0.0075
27.04.2021 08:24:34.200 GMT+0100,3348.427,3343.4500000000003,0.02,0.02
27.04.2021 08:24:42.756 GMT+0100,3351.222,3343.491,0.02,0.02
27.04.2021 08:25:23.301 GMT+0100,3351.222,3345.573,0.02,0.02
27.04.2021 08:25:41.573 GMT+0100,3350.3450000000003,3345.491,0.0075,0.02
27.04.2021 08:25:58.165 GMT+0100,3350.0009999999997,3346.696,0.02,0.02
27.04.2021 08:26:10.764 GMT+0100,3350.5090000000005,3347.778,0.02,0.0075
27.04.2021 08:26:13.090 GMT+0100,3351.468,3347.8190000000004,0.02,0.02
27.04.2021 08:26:19.167 GMT+0100,3351.263,3345.4500000000003,0.02,0.02
27.04.2021 08:26:26.062 GMT+0100,3350.263,3345.532,0.0075,0.02
27.04.2021 08:26:34.704 GMT+0100,3350.55,3342.4500000000003,0.02,0.02
27.04.2021 08:26:34.754 GMT+0100,3349.55,3342.9990000000003,0.02,0.02
27.04.2021 08:26:35.164 GMT+0100,3348.5090000000005,3344.532,0.02,0.0075
27.04.2021 08:26:44.706 GMT+0100,3348.263,3345.9990000000003,0.02,0.0075
27.04.2021 08:26:49.814 GMT+0100,3348.3450000000003,3342.737,0.02,0.02
27.04.2021 08:26:49.901 GMT+0100,3348.0009999999997,3345.6140000000005,0.02,0.02
27.04.2021 08:26:50.202 GMT+0100,3348.263,3344.696,0.02,0.02
27.04.2021 08:26:54.213 GMT+0100,3347.181,3344.655,0.0075,0.02
27.04.2021 08:27:06.564 GMT+0100,3345.427,3344.532,0.0075,0.0075
27.04.2021 08:27:06.614 GMT+0100,3345.55,3342.737,0.02,0.02
27.04.2021 08:27:06.665 GMT+0100,3347.304,3342.696,0.02,0.02
27.04.2021 08:27:07.228 GMT+0100,3347.304,3343.573,0.02,0.02
27.04.2021 08:27:09.258 GMT+0100,3346.386,3343.532,0.02,0.02
27.04.2021 08:27:19.461 GMT+0100,3346.5090000000005,3336.491,0.02,0.02
27.04.2021 08:27:20.180 GMT+0100,3346.5090000000005,3341.9990000000003,0.02,0.02
27.04.2021 08:27:20.356 GMT+0100,3345.222,3341.4500000000003,0.0075,0.02
27.04.2021 08:27:21.508 GMT+0100,3345.3450000000003,3342.8190000000004,0.02,0.0075
27.04.2021 08:27:22.309 GMT+0100,3345.181,3344.696,0.0075,0.0075
27.04.2021 08:27:22.360 GMT+0100,3347.55,3344.737,0.02,0.02
27.04.2021 08:27:24.768 GMT+0100,3348.468,3344.491,0.02,0.02
27.04.2021 08:27:24.818 GMT+0100,3347.304,3344.573,0.02,0.02
27.04.2021 08:27:26.029 GMT+0100,3348.386,3345.4500000000003,0.02,0.02
27.04.2021 08:27:26.818 GMT+0100,3351.427,3345.491,0.02,0.02
27.04.2021 08:27:48.062 GMT+0100,3351.427,3346.696,0.02,0.0075
27.04.2021 08:28:06.420 GMT+0100,3351.222,3348.655,0.0075,0.0075
27.04.2021 08:28:06.470 GMT+0100,3353.468,3348.9990000000003,0.02,0.02
27.04.2021 08:28:06.618 GMT+0100,3354.427,3348.778,0.02,0.02
27.04.2021 08:28:06.669 GMT+0100,3358.0009999999997,3348.573,0.02,0.02
27.04.2021 08:28:12.078 GMT+0100,3352.468,3348.778,0.0075,0.0075
27.04.2021 08:28:12.128 GMT+0100,3351.427,3340.6140000000005,0.02,0.02
27.04.2021 08:28:12.720 GMT+0100,3351.0009999999997,3344.655,0.02,0.0075
27.04.2021 08:28:13.111 GMT+0100,3351.3450000000003,3345.532,0.02,0.0075
27.04.2021 08:28:20.126 GMT+0100,3356.55,3345.696,0.02,0.02
27.04.2021 08:28:32.830 GMT+0100,3358.181,3345.491,0.02,0.02
27.04.2021 08:28:40.706 GMT+0100,3356.468,3346.655,0.0075,0.0075
27.04.2021 08:28:52.747 GMT+0100,3354.0009999999997,3346.655,0.0075,0.02
27.04.2021 08:29:00.797 GMT+0100,3353.427,3346.696,0.0075,0.02
27.04.2021 08:29:29.269 GMT+0100,3350.427,3344.696,0.02,0.02
27.04.2021 08:29:29.369 GMT+0100,3350.0009999999997,3340.6140000000005,0.02,0.02
27.04.2021 08:29:29.430 GMT+0100,3350.263,3344.778,0.02,0.0075
27.04.2021 08:29:43.064 GMT+0100,3350.5090000000005,3345.696,0.02,0.0075
27.04.2021 08:29:53.887 GMT+0100,3350.468,3342.655,0.02,0.02
27.04.2021 08:30:06.105 GMT+0100,3349.0009999999997,3342.696,0.0075,0.02
27.04.2021 08:30:07.296 GMT+0100,3350.55,3343.696,0.02,0.02
27.04.2021 08:30:07.405 GMT+0100,3348.55,3343.6140000000005,0.0075,0.02
27.04.2021 08:30:22.018 GMT+0100,3348.222,3342.655,0.02,0.02
27.04.2021 08:30:28.981 GMT+0100,3348.3450000000003,3344.532,0.02,0.02
27.04.2021 08:30:35.410 GMT+0100,3348.0009999999997,3342.778,0.02,0.02
27.04.2021 08:30:40.721 GMT+0100,3356.263,3342.655,0.02,0.02
27.04.2021 08:30:41.306 GMT+0100,3356.304,3343.9990000000003,0.02,0.0075
27.04.2021 08:30:41.600 GMT+0100,3356.222,3344.532,0.0075,0.0075
27.04.2021 08:30:41.836 GMT+0100,3354.468,3348.9990000000003,0.02,0.02
27.04.2021 08:30:42.807 GMT+0100,3354.5090000000005,3349.4500000000003,0.02,0.0075
27.04.2021 08:30:43.171 GMT+0100,3353.3450000000003,3349.4500000000003,0.02,0.02
27.04.2021 08:30:45.073 GMT+0100,3352.304,3348.6140000000005,0.02,0.02
27.04.2021 08:30:45.123 GMT+0100,3353.427,3348.573,0.02,0.02
27.04.2021 08:30:45.337 GMT+0100,3353.427,3343.4500000000003,0.02,0.02
27.04.2021 08:30:45.388 GMT+0100,3352.386,3343.6140000000005,0.02,0.02
27.04.2021 08:30:45.488 GMT+0100,3352.222,3342.9990000000003,0.02,0.02
27.04.2021 08:30:45.568 GMT+0100,3352.0009999999997,3344.8190000000004,0.02,0.0075
27.04.2021 08:30:46.780 GMT+0100,3352.304,3345.491,0.02,0.0075
27.04.2021 08:30:48.041 GMT+0100,3350.5090000000005,3345.491,0.02,0.02
27.04.2021 08:30:49.316 GMT+0100,3349.55,3345.491,0.0075,0.02
27.04.2021 08:30:50.220 GMT+0100,3347.386,3345.573,0.0075,0.0075
27.04.2021 08:30:50.271 GMT+0100,3347.222,3342.491,0.02,0.02
27.04.2021 08:30:59.712 GMT+0100,3345.3450000000003,3342.491,0.0075,0.0075
27.04.2021 08:30:59.762 GMT+0100,3345.222,3340.696,0.02,0.02
27.04.2021 08:31:01.264 GMT+0100,3347.263,3341.696,0.02,0.02
27.04.2021 08:31:05.038 GMT+0100,3347.0009999999997,3340.9990000000003,0.02,0.02
27.04.2021 08:31:05.292 GMT+0100,3347.304,3334.491,0.02,0.02
27.04.2021 08:31:06.172 GMT+0100,3346.181,3334.655,0.0075,0.0075
27.04.2021 08:31:06.222 GMT+0100,3346.181,3332.696,0.02,0.02
27.04.2021 08:31:07.030 GMT+0100,3341.5090000000005,3329.778,0.02,0.02
27.04.2021 08:31:07.189 GMT+0100,3339.181,3329.655,0.02,0.02
27.04.2021 08:31:07.418 GMT+0100,3339.386,3326.491,0.02,0.02
27.04.2021 08:31:12.380 GMT+0100,3339.468,3324.4500000000003,0.02,0.02
27.04.2021 08:31:13.600 GMT+0100,3333.427,3324.6140000000005,0.02,0.02
27.04.2021 08:31:14.788 GMT+0100,3338.5090000000005,3324.737,0.02,0.02
27.04.2021 08:31:14.839 GMT+0100,3340.427,3327.778,0.02,0.02
27.04.2021 08:31:16.313 GMT+0100,3340.55,3322.696,0.02,0.02
27.04.2021 08:31:16.372 GMT+0100,3338.0009999999997,3322.737,0.0075,0.0075
27.04.2021 08:31:16.423 GMT+0100,3338.5090000000005,3320.696,0.02,0.02
27.04.2021 08:31:17.052 GMT+0100,3333.55,3320.9990000000003,0.0075,0.02
27.04.2021 08:31:17.221 GMT+0100,3333.3450000000003,3326.778,0.02,0.02
27.04.2021 08:31:18.868 GMT+0100,3333.427,3320.696,0.02,0.02
27.04.2021 08:31:19.388 GMT+0100,3330.5090000000005,3320.491,0.02,0.02
27.04.2021 08:31:20.022 GMT+0100,3330.181,3319.532,0.02,0.02
27.04.2021 08:31:20.400 GMT+0100,3330.468,3325.9990000000003,0.02,0.02
27.04.2021 08:31:21.168 GMT+0100,3330.55,3326.573,0.02,0.0075
27.04.2021 08:31:22.557 GMT+0100,3333.468,3326.491,0.02,0.02
27.04.2021 08:31:42.209 GMT+0100,3332.5090000000005,3326.9990000000003,0.0075,0.02
27.04.2021 08:32:12.656 GMT+0100,3327.304,3326.532,0.0075,0.0075
27.04.2021 08:32:12.706 GMT+0100,3331.5090000000005,3325.6140000000005,0.02,0.02
27.04.2021 08:32:31.214 GMT+0100,3330.427,3325.655,0.0075,0.02
27.04.2021 08:32:51.073 GMT+0100,3331.427,3325.655,0.02,0.02
27.04.2021 08:32:51.226 GMT+0100,3338.427,3325.655,0.02,0.02
27.04.2021 08:32:53.907 GMT+0100,3338.468,3326.532,0.02,0.0075
27.04.2021 08:33:13.174 GMT+0100,3334.222,3326.737,0.02,0.02
27.04.2021 08:33:27.472 GMT+0100,3338.55,3326.6140000000005,0.02,0.02
27.04.2021 08:33:28.768 GMT+0100,3340.222,3328.696,0.02,0.02
27.04.2021 08:33:42.489 GMT+0100,3337.304,3328.573,0.0075,0.02
27.04.2021 08:33:54.371 GMT+0100,3336.304,3328.573,0.0075,0.02
27.04.2021 08:34:02.108 GMT+0100,3336.222,3329.737,0.02,0.0075
27.04.2021 08:34:07.414 GMT+0100,3337.222,3329.491,0.02,0.02
27.04.2021 08:34:07.514 GMT+0100,3342.222,3329.491,0.02,0.02
27.04.2021 08:34:07.565 GMT+0100,3344.181,3329.778,0.02,0.02
27.04.2021 08:34:07.615 GMT+0100,3342.3450000000003,3331.9990000000003,0.02,0.02
27.04.2021 08:34:12.668 GMT+0100,3340.0009999999997,3331.4500000000003,0.02,0.02
27.04.2021 08:34:19.112 GMT+0100,3339.222,3331.655,0.02,0.02
27.04.2021 08:34:42.707 GMT+0100,3339.427,3332.655,0.02,0.0075
27.04.2021 08:35:30.454 GMT+0100,3344.3450000000003,3332.696,0.02,0.02
27.04.2021 08:35:34.612 GMT+0100,3341.468,3332.9990000000003,0.0075,0.02
27.04.2021 08:36:02.288 GMT+0100,3337.427,3332.655,0.0075,0.02
27.04.2021 08:36:03.520 GMT+0100,3336.181,3332.778,0.0075,0.02
27.04.2021 08:36:06.393 GMT+0100,3335.5090000000005,3332.573,0.0075,0.0075
27.04.2021 08:36:06.443 GMT+0100,3335.5090000000005,3328.4500000000003,0.02,0.02
27.04.2021 08:36:07.451 GMT+0100,3333.55,3328.6140000000005,0.0075,0.02
27.04.2021 08:36:45.258 GMT+0100,3333.222,3322.573,0.02,0.02
27.04.2021 08:36:45.308 GMT+0100,3333.263,3324.655,0.02,0.02
27.04.2021 08:36:45.483 GMT+0100,3333.181,3328.4500000000003,0.02,0.0075
27.04.2021 08:36:48.444 GMT+0100,3332.55,3328.655,0.0075,0.0075
27.04.2021 08:36:48.494 GMT+0100,3332.55,3322.491,0.02,0.02
27.04.2021 08:36:50.381 GMT+0100,3332.181,3324.778,0.02,0.0075
27.04.2021 08:36:53.485 GMT+0100,3331.0009999999997,3324.8190000000004,0.02,0.02
27.04.2021 08:36:57.038 GMT+0100,3331.304,3325.737,0.02,0.02
27.04.2021 08:37:03.164 GMT+0100,3331.427,3326.655,0.0075,0.0075
27.04.2021 08:37:03.214 GMT+0100,3333.263,3326.4500000000003,0.02,0.02
27.04.2021 08:37:06.227 GMT+0100,3340.468,3326.655,0.02,0.02
27.04.2021 08:37:06.277 GMT+0100,3335.55,3326.737,0.02,0.02
27.04.2021 08:37:14.451 GMT+0100,3335.427,3329.491,0.02,0.02
27.04.2021 08:37:29.780 GMT+0100,3335.181,3330.6140000000005,0.02,0.0075
27.04.2021 08:37:59.004 GMT+0100,3333.5090000000005,3330.573,0.0075,0.0075
27.04.2021 08:37:59.054 GMT+0100,3333.427,3329.491,0.02,0.02
27.04.2021 08:38:10.626 GMT+0100,3332.304,3325.491,0.02,0.02
27.04.2021 08:39:22.552 GMT+0100,3330.0009999999997,3325.778,0.0075,0.0075
27.04.2021 08:39:22.602 GMT+0100,3326.0009999999997,3316.8190000000004,0.02,0.02
27.04.2021 08:39:22.724 GMT+0100,3326.5090000000005,3314.9990000000003,0.02,0.02
27.04.2021 08:39:23.107 GMT+0100,3326.304,3316.696,0.02,0.02
27.04.2021 08:39:23.240 GMT+0100,3326.386,3320.4500000000003,0.02,0.02
27.04.2021 08:39:24.180 GMT+0100,3332.263,3320.4500000000003,0.02,0.02
27.04.2021 08:39:24.658 GMT+0100,3332.386,3321.573,0.02,0.0075
27.04.2021 08:39:32.572 GMT+0100,3330.181,3321.491,0.0075,0.02
27.04.2021 08:40:31.185 GMT+0100,3330.427,3322.655,0.02,0.0075
27.04.2021 08:40:31.286 GMT+0100,3330.263,3323.491,0.02,0.02
27.04.2021 08:40:37.164 GMT+0100,3334.55,3323.573,0.02,0.02
27.04.2021 08:40:37.215 GMT+0100,3341.304,3332.532,0.02,0.02
27.04.2021 08:40:37.658 GMT+0100,3341.386,3331.696,0.02,0.02
27.04.2021 08:40:37.815 GMT+0100,3341.5090000000005,3332.696,0.02,0.0075
27.04.2021 08:40:37.916 GMT+0100,3341.3450000000003,3331.737,0.02,0.02
27.04.2021 08:40:38.097 GMT+0100,3341.3450000000003,3332.573,0.02,0.02
27.04.2021 08:40:38.208 GMT+0100,3340.5090000000005,3332.491,0.0075,0.0075
27.04.2021 08:40:38.258 GMT+0100,3340.304,3331.655,0.02,0.02
27.04.2021 08:40:44.580 GMT+0100,3338.3450000000003,3331.655,0.0075,0.0075
27.04.2021 08:40:44.631 GMT+0100,3335.0009999999997,3326.6140000000005,0.02,0.02
27.04.2021 08:41:02.276 GMT+0100,3335.304,3327.9990000000003,0.02,0.0075
27.04.2021 08:41:37.507 GMT+0100,3335.468,3328.696,0.02,0.02
27.04.2021 08:41:38.819 GMT+0100,3335.5090000000005,3330.696,0.02,0.0075
27.04.2021 08:41:40.449 GMT+0100,3340.3450000000003,3330.9990000000003,0.02,0.02
27.04.2021 08:41:44.684 GMT+0100,3336.304,3330.778,0.02,0.02
27.04.2021 08:42:08.956 GMT+0100,3341.3450000000003,3330.737,0.02,0.02
27.04.2021 08:42:11.567 GMT+0100,3341.5090000000005,3331.8190000000004,0.02,0.0075
27.04.2021 08:42:17.568 GMT+0100,3340.181,3331.9990000000003,0.0075,0.02
27.04.2021 08:42:29.813 GMT+0100,3338.0009999999997,3331.491,0.0075,0.02
27.04.2021 08:42:34.866 GMT+0100,3336.304,3328.9990000000003,0.02,0.02
27.04.2021 08:42:49.507 GMT+0100,3336.3450000000003,3329.491,0.02,0.02
27.04.2021 08:44:55.751 GMT+0100,3335.0009999999997,3329.696,0.02,0.02
27.04.2021 08:44:57.837 GMT+0100,3334.5090000000005,3329.696,0.02,0.02
27.04.2021 08:45:00.957 GMT+0100,3330.181,3328.75,0.0075,0.0075
27.04.2021 08:45:01.007 GMT+0100,3330.468,3320.6140000000005,0.02,0.02
27.04.2021 08:45:02.705 GMT+0100,3330.386,3322.9990000000003,0.02,0.0075
27.04.2021 08:45:18.982 GMT+0100,3330.263,3324.4500000000003,0.02,0.0075
27.04.2021 08:45:27.724 GMT+0100,3330.386,3322.6140000000005,0.02,0.02
27.04.2021 08:46:00.020 GMT+0100,3328.0009999999997,3322.6140000000005,0.0075,0.0075
27.04.2021 08:46:00.071 GMT+0100,3326.5090000000005,3314.9990000000003,0.02,0.02
27.04.2021 08:46:00.121 GMT+0100,3322.468,3312.491,0.02,0.02
27.04.2021 08:46:00.375 GMT+0100,3322.304,3315.491,0.02,0.0075
27.04.2021 08:46:00.584 GMT+0100,3322.468,3312.655,0.02,0.02
27.04.2021 08:46:00.812 GMT+0100,3322.0009999999997,3314.6140000000005,0.02,0.0075
27.04.2021 08:46:01.614 GMT+0100,3322.3450000000003,3315.4500000000003,0.02,0.0075
27.04.2021 08:46:06.510 GMT+0100,3320.427,3308.491,0.02,0.02
27.04.2021 08:46:06.927 GMT+0100,3321.222,3308.532,0.02,0.02
27.04.2021 08:46:07.306 GMT+0100,3319.5090000000005,3308.491,0.0075,0.02
27.04.2021 08:46:08.173 GMT+0100,3319.0009999999997,3307.573,0.02,0.02
27.04.2021 08:46:08.379 GMT+0100,3319.181,3308.6140000000005,0.02,0.0075
27.04.2021 08:46:16.033 GMT+0100,3319.0009999999997,3309.491,0.02,0.02
27.04.2021 08:46:28.925 GMT+0100,3317.468,3308.9990000000003,0.02,0.02
27.04.2021 08:46:29.068 GMT+0100,3317.55,3307.696,0.02,0.02
27.04.2021 08:47:07.584 GMT+0100,3312.304,3305.491,0.02,0.02
27.04.2021 08:47:14.030 GMT+0100,3309.427,3296.655,0.02,0.02
27.04.2021 08:47:18.101 GMT+0100,3309.468,3298.532,0.0075,0.0075
27.04.2021 08:47:18.151 GMT+0100,3312.304,3298.737,0.02,0.02
27.04.2021 08:47:18.260 GMT+0100,3310.304,3298.778,0.0075,0.02
27.04.2021 08:47:18.372 GMT+0100,3310.222,3300.696,0.02,0.0075
27.04.2021 08:47:19.438 GMT+0100,3310.468,3301.778,0.02,0.02
27.04.2021 08:47:27.397 GMT+0100,3310.3450000000003,3304.532,0.02,0.0075
27.04.2021 08:47:37.264 GMT+0100,3315.386,3304.6140000000005,0.02,0.02
27.04.2021 08:47:39.232 GMT+0100,3317.386,3305.778,0.02,0.02
27.04.2021 08:47:39.364 GMT+0100,3316.5090000000005,3307.737,0.0075,0.0075
27.04.2021 08:48:00.919 GMT+0100,3316.5090000000005,3308.491,0.02,0.02
27.04.2021 08:48:00.980 GMT+0100,3316.181,3306.655,0.02,0.02
27.04.2021 08:48:06.478 GMT+0100,3315.5090000000005,3306.737,0.02,0.02
27.04.2021 08:48:14.766 GMT+0100,3315.304,3307.9990000000003,0.02,0.02
27.04.2021 08:48:35.120 GMT+0100,3315.222,3309.573,0.02,0.0075
27.04.2021 08:48:49.435 GMT+0100,3314.5090000000005,3308.737,0.02,0.02
27.04.2021 08:50:09.596 GMT+0100,3320.181,3309.491,0.02,0.02
27.04.2021 08:50:09.719 GMT+0100,3318.0009999999997,3309.4500000000003,0.0075,0.02
27.04.2021 08:50:09.820 GMT+0100,3316.55,3309.532,0.02,0.02
27.04.2021 08:50:25.385 GMT+0100,3316.5090000000005,3308.8190000000004,0.02,0.02
27.04.2021 08:50:25.436 GMT+0100,3314.263,3308.737,0.02,0.02
27.04.2021 08:50:30.458 GMT+0100,3313.468,3308.573,0.02,0.02
27.04.2021 08:50:36.320 GMT+0100,3313.5090000000005,3309.491,0.02,0.0075
27.04.2021 08:51:11.372 GMT+0100,3313.222,3310.778,0.0075,0.0075
27.04.2021 08:51:11.422 GMT+0100,3316.0009999999997,3310.655,0.02,0.02
27.04.2021 08:51:25.768 GMT+0100,3316.3450000000003,3312.8190000000004,0.02,0.0075
27.04.2021 08:51:27.789 GMT+0100,3317.25,3315.532,0.0075,0.0075
27.04.2021 08:51:27.839 GMT+0100,3320.386,3315.8190000000004,0.02,0.02
27.04.2021 08:51:28.073 GMT+0100,3326.222,3315.696,0.02,0.02
27.04.2021 08:51:29.261 GMT+0100,3328.468,3317.573,0.02,0.02
27.04.2021 08:51:30.020 GMT+0100,3324.222,3318.737,0.0075,0.02
27.04.2021 08:51:30.070 GMT+0100,3324.427,3316.8190000000004,0.02,0.02
27.04.2021 08:51:31.792 GMT+0100,3324.0009999999997,3314.6140000000005,0.02,0.02
27.04.2021 08:51:32.772 GMT+0100,3322.5090000000005,3314.491,0.02,0.02
27.04.2021 08:51:35.089 GMT+0100,3321.427,3314.491,0.0075,0.02
27.04.2021 08:51:36.776 GMT+0100,3320.263,3314.4500000000003,0.0075,0.0075
27.04.2021 08:51:36.826 GMT+0100,3321.3450000000003,3310.696,0.02,0.02
27.04.2021 08:51:37.122 GMT+0100,3321.386,3313.6140000000005,0.02,0.0075
27.04.2021 08:51:42.408 GMT+0100,3321.263,3315.696,0.0075,0.0075
27.04.2021 08:51:42.458 GMT+0100,3324.427,3315.491,0.02,0.02
27.04.2021 08:51:50.903 GMT+0100,3324.0009999999997,3317.6140000000005,0.02,0.0075
27.04.2021 08:51:53.029 GMT+0100,3324.263,3310.6140000000005,0.02,0.02
27.04.2021 08:51:53.080 GMT+0100,3319.5090000000005,3313.491,0.02,0.02
27.04.2021 08:51:53.299 GMT+0100,3318.468,3313.491,0.0075,0.02
27.04.2021 08:51:53.400 GMT+0100,3319.0009999999997,3314.6140000000005,0.02,0.02
27.04.2021 08:51:53.646 GMT+0100,3319.386,3313.696,0.02,0.02
27.04.2021 08:51:54.073 GMT+0100,3318.222,3313.8190000000004,0.0075,0.02
27.04.2021 08:52:03.460 GMT+0100,3318.55,3314.573,0.02,0.0075
27.04.2021 08:52:06.860 GMT+0100,3318.386,3313.696,0.02,0.02
27.04.2021 08:52:24.385 GMT+0100,3316.3450000000003,3313.6140000000005,0.0075,0.0075
27.04.2021 08:52:24.435 GMT+0100,3316.304,3311.573,0.02,0.02
27.04.2021 08:52:26.577 GMT+0100,3315.222,3311.655,0.0075,0.02
27.04.2021 08:52:29.426 GMT+0100,3315.304,3309.9990000000003,0.02,0.02
27.04.2021 08:52:29.477 GMT+0100,3314.304,3309.778,0.02,0.02
27.04.2021 08:52:45.414 GMT+0100,3314.386,3307.8190000000004,0.02,0.02
27.04.2021 08:52:45.507 GMT+0100,3314.181,3306.9990000000003,0.02,0.02
27.04.2021 08:52:46.252 GMT+0100,3314.427,3307.573,0.02,0.0075
27.04.2021 08:52:52.247 GMT+0100,3314.263,3308.9990000000003,0.02,0.0075
27.04.2021 08:53:03.082 GMT+0100,3314.468,3309.737,0.02,0.0075
27.04.2021 08:53:34.305 GMT+0100,3314.386,3310.8190000000004,0.02,0.02
27.04.2021 08:53:41.089 GMT+0100,3314.427,3308.4500000000003,0.02,0.02
27.04.2021 08:53:41.139 GMT+0100,3312.3450000000003,3308.737,0.02,0.02
27.04.2021 08:53:42.389 GMT+0100,3311.181,3306.655,0.02,0.02
27.04.2021 08:53:45.772 GMT+0100,3310.3450000000003,3306.696,0.0075,0.02
27.04.2021 08:54:03.621 GMT+0100,3315.222,3307.655,0.02,0.02
27.04.2021 08:54:10.991 GMT+0100,3311.3450000000003,3307.491,0.0075,0.02
27.04.2021 08:54:12.861 GMT+0100,3311.386,3309.573,0.02,0.02
27.04.2021 08:54:12.911 GMT+0100,3310.55,3306.4500000000003,0.02,0.02
27.04.2021 08:54:13.929 GMT+0100,3311.222,3306.737,0.02,0.02
27.04.2021 08:54:23.027 GMT+0100,3310.427,3306.8190000000004,0.0075,0.02
27.04.2021 08:54:54.490 GMT+0100,3309.263,3302.778,0.02,0.02
27.04.2021 08:54:54.705 GMT+0100,3309.386,3305.737,0.02,0.0075
27.04.2021 08:55:28.026 GMT+0100,3309.222,3303.532,0.02,0.02
27.04.2021 08:55:41.017 GMT+0100,3308.468,3303.6140000000005,0.02,0.02
27.04.2021 08:55:51.988 GMT+0100,3306.468,3303.737,0.0075,0.02
27.04.2021 08:55:57.049 GMT+0100,3306.181,3302.696,0.02,0.02
27.04.2021 08:55:57.229 GMT+0100,3302.3450000000003,3292.491,0.02,0.02
27.04.2021 08:55:57.279 GMT+0100,3300.468,3290.491,0.02,0.02
27.04.2021 08:55:58.194 GMT+0100,3300.386,3292.8190000000004,0.02,0.02
27.04.2021 08:55:58.574 GMT+0100,3300.5090000000005,3294.778,0.02,0.02
27.04.2021 08:55:58.714 GMT+0100,3300.0009999999997,3295.778,0.02,0.02
27.04.2021 08:56:00.486 GMT+0100,3306.0009999999997,3295.655,0.02,0.02
27.04.2021 08:56:00.637 GMT+0100,3306.263,3296.4500000000003,0.02,0.02
27.04.2021 08:56:00.826 GMT+0100,3306.55,3298.696,0.02,0.0075
27.04.2021 08:56:00.927 GMT+0100,3302.304,3298.4500000000003,0.02,0.02
27.04.2021 08:56:01.622 GMT+0100,3306.5090000000005,3298.8190000000004,0.02,0.02
27.04.2021 08:56:02.984 GMT+0100,3305.55,3298.778,0.02,0.02
27.04.2021 08:56:08.030 GMT+0100,3304.386,3298.6140000000005,0.02,0.02
27.04.2021 08:56:10.885 GMT+0100,3302.5090000000005,3295.8190000000004,0.02,0.02
27.04.2021 08:56:13.056 GMT+0100,3301.0009999999997,3295.491,0.0075,0.02
27.04.2021 08:56:18.082 GMT+0100,3302.304,3295.491,0.02,0.02
27.04.2021 08:56:18.132 GMT+0100,3299.55,3295.778,0.02,0.02
27.04.2021 08:56:21.261 GMT+0100,3299.55,3293.4500000000003,0.02,0.02
27.04.2021 08:56:22.988 GMT+0100,3298.55,3293.532,0.0075,0.02
27.04.2021 08:56:31.883 GMT+0100,3302.427,3293.737,0.02,0.02
27.04.2021 08:56:33.987 GMT+0100,3301.468,3293.8190000000004,0.0075,0.02
27.04.2021 08:56:36.834 GMT+0100,3300.222,3294.696,0.0075,0.02
27.04.2021 08:57:04.465 GMT+0100,3300.386,3295.6140000000005,0.02,0.02
27.04.2021 08:57:11.155 GMT+0100,3302.181,3295.573,0.02,0.02
27.04.2021 08:57:11.256 GMT+0100,3306.0009999999997,3296.778,0.02,0.02
27.04.2021 08:57:21.406 GMT+0100,3306.263,3297.9990000000003,0.02,0.02
27.04.2021 08:57:35.976 GMT+0100,3306.3450000000003,3298.655,0.0075,0.0075
27.04.2021 08:57:36.026 GMT+0100,3308.304,3298.655,0.02,0.02
27.04.2021 08:57:43.658 GMT+0100,3306.468,3298.696,0.02,0.02
27.04.2021 08:57:48.689 GMT+0100,3305.55,3298.573,0.02,0.02
27.04.2021 08:58:08.270 GMT+0100,3305.0009999999997,3299.737,0.02,0.0075
27.04.2021 08:58:16.824 GMT+0100,3305.3450000000003,3300.655,0.02,0.0075
27.04.2021 08:58:18.601 GMT+0100,3305.386,3301.532,0.0075,0.02
27.04.2021 08:58:18.652 GMT+0100,3310.468,3301.491,0.02,0.02
27.04.2021 08:58:20.192 GMT+0100,3306.427,3301.655,0.0075,0.02
27.04.2021 08:58:30.106 GMT+0100,3305.55,3301.737,0.0075,0.02
27.04.2021 08:58:51.976 GMT+0100,3304.468,3301.532,0.0075,0.02
27.04.2021 08:58:52.306 GMT+0100,3304.263,3299.696,0.02,0.02
27.04.2021 08:58:52.567 GMT+0100,3304.468,3300.573,0.02,0.0075
27.04.2021 08:58:56.211 GMT+0100,3304.55,3301.6140000000005,0.02,0.0075
27.04.2021 08:58:56.410 GMT+0100,3305.3450000000003,3301.6140000000005,0.02,0.02
27.04.2021 08:58:56.618 GMT+0100,3305.468,3302.737,0.02,0.02
27.04.2021 08:58:56.850 GMT+0100,3305.5090000000005,3301.737,0.02,0.02
27.04.2021 08:59:07.108 GMT+0100,3310.427,3301.9990000000003,0.02,0.02
27.04.2021 08:59:30.463 GMT+0100,3310.5090000000005,3302.8190000000004,0.02,0.0075
27.04.2021 08:59:34.668 GMT+0100,3306.427,3302.4500000000003,0.0075,0.02
27.04.2021 08:59:53.957 GMT+0100,3306.222,3301.4500000000003,0.02,0.02
27.04.2021 09:00:00.060 GMT+0100,3306.55,3302.573,0.02,0.0075
27.04.2021 09:00:07.849 GMT+0100,3312.468,3303.491,0.02,0.02
27.04.2021 09:00:08.067 GMT+0100,3306.5,3303.532,0.0075,0.02
27.04.2021 09:01:05.772 GMT+0100,3306.3450000000003,3304.4500000000003,0.02,0.02
27.04.2021 09:01:06.009 GMT+0100,3318.5090000000005,3308.491,0.02,0.02
27.04.2021 09:01:06.060 GMT+0100,3315.0009999999997,3308.8190000000004,0.02,0.02
27.04.2021 09:01:07.245 GMT+0100,3315.386,3309.8190000000004,0.02,0.0075
27.04.2021 09:01:20.405 GMT+0100,3315.222,3310.696,0.02,0.0075
27.04.2021 09:01:25.107 GMT+0100,3313.3450000000003,3309.4500000000003,0.02,0.02
27.04.2021 09:01:28.239 GMT+0100,3313.0009999999997,3307.491,0.02,0.02
27.04.2021 09:01:28.728 GMT+0100,3312.0009999999997,3307.737,0.02,0.02
27.04.2021 09:01:33.046 GMT+0100,3312.222,3308.491,0.02,0.02
27.04.2021 09:01:36.897 GMT+0100,3318.222,3308.4500000000003,0.02,0.02
27.04.2021 09:01:37.044 GMT+0100,3315.222,3308.737,0.0075,0.02
27.04.2021 09:01:42.120 GMT+0100,3314.468,3308.6140000000005,0.02,0.02
27.04.2021 09:01:48.820 GMT+0100,3314.427,3307.6140000000005,0.02,0.02
27.04.2021 09:01:48.870 GMT+0100,3312.386,3307.573,0.02,0.02
27.04.2021 09:01:48.971 GMT+0100,3312.263,3308.8190000000004,0.02,0.0075
27.04.2021 09:01:49.171 GMT+0100,3312.386,3307.4500000000003,0.02,0.02
27.04.2021 09:01:49.367 GMT+0100,3312.5090000000005,3308.491,0.02,0.0075
27.04.2021 09:02:00.450 GMT+0100,3314.55,3308.655,0.02,0.02
27.04.2021 09:02:00.550 GMT+0100,3314.55,3307.778,0.02,0.02
27.04.2021 09:02:02.421 GMT+0100,3314.468,3309.778,0.02,0.0075
27.04.2021 09:02:02.833 GMT+0100,3314.181,3307.9990000000003,0.02,0.02
27.04.2021 09:02:03.567 GMT+0100,3314.55,3308.778,0.02,0.0075
27.04.2021 09:02:05.567 GMT+0100,3312.181,3308.573,0.0075,0.02
27.04.2021 09:02:25.235 GMT+0100,3314.181,3308.4500000000003,0.02,0.02
27.04.2021 09:02:25.380 GMT+0100,3314.181,3309.8190000000004,0.02,0.0075
27.04.2021 09:02:25.975 GMT+0100,3313.304,3309.778,0.0075,0.02
27.04.2021 09:02:26.026 GMT+0100,3314.427,3309.4500000000003,0.02,0.02
27.04.2021 09:02:34.316 GMT+0100,3314.468,3308.491,0.02,0.02
27.04.2021 09:02:43.704 GMT+0100,3318.181,3309.778,0.02,0.02
27.04.2021 09:02:43.826 GMT+0100,3315.304,3309.696,0.0075,0.02
27.04.2021 09:02:48.316 GMT+0100,3315.304,3310.696,0.02,0.0075
27.04.2021 09:02:48.439 GMT+0100,3315.5090000000005,3311.696,0.02,0.0075
27.04.2021 09:02:54.561 GMT+0100,3318.386,3311.9990000000003,0.02,0.02
27.04.2021 09:02:54.612 GMT+0100,3314.5090000000005,3308.532,0.02,0.02
27.04.2021 09:02:55.382 GMT+0100,3314.3450000000003,3311.491,0.02,0.02
27.04.2021 09:03:03.751 GMT+0100,3314.55,3310.491,0.02,0.02
27.04.2021 09:03:33.034 GMT+0100,3314.3450000000003,3307.655,0.02,0.02
27.04.2021 09:03:33.135 GMT+0100,3313.0009999999997,3307.9990000000003,0.02,0.02
27.04.2021 09:03:34.663 GMT+0100,3312.55,3307.737,0.0075,0.02
27.04.2021 09:03:42.971 GMT+0100,3311.386,3307.737,0.0075,0.02
27.04.2021 09:03:43.072 GMT+0100,3312.0009999999997,3307.6140000000005,0.02,0.02
27.04.2021 09:03:57.621 GMT+0100,3311.304,3307.491,0.02,0.02
27.04.2021 09:04:02.054 GMT+0100,3312.0009999999997,3307.532,0.02,0.02
27.04.2021 09:04:02.104 GMT+0100,3312.5090000000005,3308.4500000000003,0.02,0.02
27.04.2021 09:04:26.419 GMT+0100,3311.55,3308.696,0.0075,0.02
27.04.2021 09:04:26.840 GMT+0100,3312.386,3308.9990000000003,0.02,0.02
27.04.2021 09:04:53.221 GMT+0100,3312.55,3309.573,0.0075,0.0075
27.04.2021 09:04:53.272 GMT+0100,3316.386,3309.4500000000003,0.02,0.02
27.04.2021 09:04:53.889 GMT+0100,3315.222,3309.8190000000004,0.0075,0.02
27.04.2021 09:05:03.457 GMT+0100,3313.181,3309.491,0.0075,0.02
27.04.2021 09:05:04.037 GMT+0100,3315.181,3309.491,0.02,0.02
27.04.2021 09:05:04.855 GMT+0100,3315.263,3307.696,0.02,0.02
27.04.2021 09:05:07.906 GMT+0100,3314.55,3307.655,0.0075,0.02
27.04.2021 09:05:14.368 GMT+0100,3310.468,3307.6140000000005,0.0075,0.02
27.04.2021 09:05:23.653 GMT+0100,3311.263,3307.4500000000003,0.02,0.02
27.04.2021 09:05:24.030 GMT+0100,3311.181,3304.696,0.02,0.02
27.04.2021 09:05:30.690 GMT+0100,3313.263,3304.6140000000005,0.02,0.02
27.04.2021 09:05:30.741 GMT+0100,3310.263,3304.655,0.02,0.02
27.04.2021 09:05:54.632 GMT+0100,3310.5090000000005,3306.573,0.02,0.0075
27.04.2021 09:06:04.867 GMT+0100,3315.386,3308.696,0.02,0.02
27.04.2021 09:06:04.922 GMT+0100,3315.468,3306.696,0.02,0.02
27.04.2021 09:06:09.671 GMT+0100,3311.55,3306.6140000000005,0.0075,0.02
27.04.2021 09:06:20.409 GMT+0100,3310.3450000000003,3306.6140000000005,0.02,0.02
27.04.2021 09:06:40.906 GMT+0100,3309.5090000000005,3304.6140000000005,0.02,0.02
27.04.2021 09:06:47.378 GMT+0100,3307.304,3304.8190000000004,0.0075,0.0075
27.04.2021 09:06:47.428 GMT+0100,3307.304,3300.573,0.02,0.02
27.04.2021 09:07:01.967 GMT+0100,3307.55,3302.573,0.02,0.0075
27.04.2021 09:07:08.371 GMT+0100,3307.468,3303.8190000000004,0.02,0.0075
27.04.2021 09:07:36.677 GMT+0100,3306.181,3303.696,0.0075,0.02
27.04.2021 09:07:39.373 GMT+0100,3306.222,3302.532,0.02,0.02
27.04.2021 09:07:39.423 GMT+0100,3306.468,3303.4500000000003,0.02,0.02
27.04.2021 09:07:41.782 GMT+0100,3305.0009999999997,3303.8190000000004,0.0075,0.02
27.04.2021 09:07:42.994 GMT+0100,3305.5090000000005,3302.4500000000003,0.02,0.02
27.04.2021 09:08:47.650 GMT+0100,3306.181,3303.532,0.02,0.02
27.04.2021 09:08:47.701 GMT+0100,3310.3450000000003,3303.532,0.02,0.02
27.04.2021 09:08:47.751 GMT+0100,3309.3450000000003,3303.696,0.02,0.02
27.04.2021 09:08:50.325 GMT+0100,3308.5090000000005,3303.573,0.0075,0.02
27.04.2021 09:09:22.368 GMT+0100,3308.263,3304.6140000000005,0.02,0.0075
27.04.2021 09:09:57.905 GMT+0100,3308.427,3305.655,0.02,0.02
27.04.2021 09:10:02.857 GMT+0100,3307.427,3305.655,0.0075,0.0075
27.04.2021 09:10:02.908 GMT+0100,3307.427,3303.532,0.02,0.02
27.04.2021 09:10:02.967 GMT+0100,3307.468,3304.737,0.0075,0.0075
27.04.2021 09:10:03.018 GMT+0100,3308.222,3304.532,0.02,0.02
27.04.2021 09:10:17.717 GMT+0100,3307.263,3304.8190000000004,0.02,0.02
27.04.2021 09:10:53.510 GMT+0100,3307.263,3303.696,0.02,0.02
27.04.2021 09:10:53.568 GMT+0100,3306.55,3303.655,0.02,0.02
27.04.2021 09:10:53.860 GMT+0100,3306.3450000000003,3304.4500000000003,0.0075,0.0075
27.04.2021 09:10:53.910 GMT+0100,3307.222,3304.655,0.02,0.02
27.04.2021 09:11:11.819 GMT+0100,3306.263,3303.532,0.02,0.02
27.04.2021 09:11:39.367 GMT+0100,3305.222,3300.8190000000004,0.02,0.02
27.04.2021 09:11:39.423 GMT+0100,3305.427,3302.4500000000003,0.0075,0.0075
27.04.2021 09:11:39.524 GMT+0100,3306.181,3303.8190000000004,0.02,0.02
27.04.2021 09:11:40.221 GMT+0100,3309.468,3303.532,0.02,0.02
27.04.2021 09:11:40.433 GMT+0100,3309.386,3302.8190000000004,0.02,0.02
27.04.2021 09:12:03.379 GMT+0100,3309.386,3303.6140000000005,0.0075,0.0075
27.04.2021 09:12:03.430 GMT+0100,3310.0009999999997,3303.491,0.02,0.02
27.04.2021 09:12:04.036 GMT+0100,3309.386,3303.532,0.0075,0.0075
27.04.2021 09:12:04.086 GMT+0100,3309.222,3302.573,0.02,0.02
27.04.2021 09:12:04.766 GMT+0100,3308.55,3302.655,0.02,0.02
27.04.2021 09:12:32.865 GMT+0100,3308.468,3303.9990000000003,0.02,0.0075
27.04.2021 09:13:00.157 GMT+0100,3307.0009999999997,3303.655,0.02,0.02
27.04.2021 09:13:41.799 GMT+0100,3306.3450000000003,3303.9990000000003,0.0075,0.02
27.04.2021 09:14:06.128 GMT+0100,3305.304,3301.778,0.02,0.02
27.04.2021 09:14:49.046 GMT+0100,3306.181,3301.4500000000003,0.02,0.02
27.04.2021 09:14:49.175 GMT+0100,3307.55,3302.491,0.02,0.0075
27.04.2021 09:14:50.192 GMT+0100,3307.468,3303.778,0.02,0.0075
27.04.2021 09:15:00.077 GMT+0100,3309.3450000000003,3303.737,0.02,0.02
27.04.2021 09:15:18.038 GMT+0100,3307.0009999999997,3303.532,0.02,0.02
27.04.2021 09:16:20.097 GMT+0100,3309.222,3303.8190000000004,0.02,0.02
27.04.2021 09:16:20.148 GMT+0100,3307.468,3303.9990000000003,0.02,0.02
27.04.2021 09:17:19.815 GMT+0100,3310.222,3305.696,0.02,0.02
27.04.2021 09:17:22.488 GMT+0100,3311.0009999999997,3305.655,0.02,0.02
27.04.2021 09:17:22.539 GMT+0100,3310.263,3305.491,0.02,0.02
27.04.2021 09:17:23.092 GMT+0100,3310.427,3306.9990000000003,0.0075,0.0075
27.04.2021 09:17:23.193 GMT+0100,3310.263,3307.9990000000003,0.0075,0.0075
27.04.2021 09:17:23.283 GMT+0100,3313.181,3307.778,0.02,0.0075
27.04.2021 09:17:33.603 GMT+0100,3312.304,3307.737,0.0075,0.02
27.04.2021 09:17:38.632 GMT+0100,3311.181,3307.737,0.0075,0.02
27.04.2021 09:17:52.887 GMT+0100,3311.304,3305.491,0.02,0.02
27.04.2021 09:17:52.937 GMT+0100,3309.263,3305.532,0.02,0.02
27.04.2021 09:17:56.163 GMT+0100,3309.263,3304.737,0.02,0.02
27.04.2021 09:17:56.264 GMT+0100,3309.0009999999997,3303.737,0.02,0.02
27.04.2021 09:17:56.832 GMT+0100,3309.468,3304.6140000000005,0.02,0.02
27.04.2021 09:17:57.957 GMT+0100,3310.3450000000003,3304.696,0.02,0.02
27.04.2021 09:17:58.007 GMT+0100,3307.304,3304.655,0.02,0.02
27.04.2021 09:18:01.621 GMT+0100,3307.3450000000003,3303.4500000000003,0.02,0.02
27.04.2021 09:18:07.172 GMT+0100,3307.304,3301.655,0.02,0.02
27.04.2021 09:18:07.222 GMT+0100,3307.427,3302.8190000000004,0.02,0.02
27.04.2021 09:18:10.000 GMT+0100,3306.427,3302.778,0.0075,0.0075
27.04.2021 09:18:10.051 GMT+0100,3306.222,3300.491,0.02,0.02
27.04.2021 09:18:10.101 GMT+0100,3304.222,3300.9990000000003,0.02,0.02
27.04.2021 09:18:10.937 GMT+0100,3303.304,3301.532,0.0075,0.0075
27.04.2021 09:18:10.987 GMT+0100,3304.5090000000005,3296.491,0.02,0.02
27.04.2021 09:18:11.114 GMT+0100,3303.3450000000003,3296.532,0.02,0.02
27.04.2021 09:18:11.476 GMT+0100,3303.468,3297.9990000000003,0.02,0.0075
27.04.2021 09:18:12.367 GMT+0100,3302.0009999999997,3297.696,0.0075,0.02
27.04.2021 09:18:15.087 GMT+0100,3301.181,3297.696,0.02,0.02
27.04.2021 09:18:22.494 GMT+0100,3302.304,3297.4500000000003,0.02,0.02
27.04.2021 09:18:33.706 GMT+0100,3301.468,3297.9990000000003,0.0075,0.02
27.04.2021 09:18:33.806 GMT+0100,3301.386,3295.491,0.02,0.02
27.04.2021 09:18:45.820 GMT+0100,3301.222,3297.532,0.02,0.0075
27.04.2021 09:19:08.490 GMT+0100,3301.55,3298.737,0.0075,0.0075
27.04.2021 09:19:08.541 GMT+0100,3302.0009999999997,3298.6140000000005,0.02,0.02
27.04.2021 09:19:20.200 GMT+0100,3304.0009999999997,3298.655,0.02,0.02
27.04.2021 09:19:40.812 GMT+0100,3301.5090000000005,3298.6140000000005,0.02,0.02
27.04.2021 09:19:40.862 GMT+0100,3301.3450000000003,3297.6140000000005,0.02,0.02
27.04.2021 09:19:41.828 GMT+0100,3301.55,3298.655,0.0075,0.0075
27.04.2021 09:19:41.878 GMT+0100,3304.3450000000003,3298.491,0.02,0.02
27.04.2021 09:19:41.928 GMT+0100,3303.263,3298.655,0.02,0.02
27.04.2021 09:19:42.038 GMT+0100,3302.55,3298.737,0.02,0.02
27.04.2021 09:19:42.869 GMT+0100,3302.304,3297.4500000000003,0.02,0.02
27.04.2021 09:19:47.051 GMT+0100,3300.3450000000003,3297.737,0.02,0.02
27.04.2021 09:20:02.306 GMT+0100,3300.386,3298.778,0.0075,0.0075
27.04.2021 09:20:02.356 GMT+0100,3303.427,3298.8190000000004,0.02,0.02
27.04.2021 09:20:02.407 GMT+0100,3301.55,3298.8190000000004,0.02,0.02
27.04.2021 09:20:03.080 GMT+0100,3303.222,3298.778,0.02,0.02
27.04.2021 09:20:04.511 GMT+0100,3303.304,3300.778,0.02,0.0075
27.04.2021 09:20:04.611 GMT+0100,3305.0009999999997,3300.737,0.02,0.02
27.04.2021 09:20:05.449 GMT+0100,3305.55,3301.6140000000005,0.0075,0.0075
27.04.2021 09:20:05.500 GMT+0100,3306.468,3301.4500000000003,0.02,0.02
27.04.2021 09:20:07.268 GMT+0100,3306.5090000000005,3300.737,0.02,0.02
27.04.2021 09:20:07.507 GMT+0100,3306.5090000000005,3301.696,0.02,0.02
27.04.2021 09:20:22.384 GMT+0100,3309.181,3304.9990000000003,0.02,0.02
27.04.2021 09:20:22.644 GMT+0100,3306.263,3304.8190000000004,0.0075,0.02
27.04.2021 09:20:22.695 GMT+0100,3311.181,3305.8190000000004,0.02,0.02
27.04.2021 09:20:26.903 GMT+0100,3311.55,3306.8190000000004,0.02,0.0075
27.04.2021 09:20:29.860 GMT+0100,3312.468,3307.655,0.02,0.02
27.04.2021 09:20:34.312 GMT+0100,3312.0009999999997,3308.6140000000005,0.02,0.02
27.04.2021 09:20:34.422 GMT+0100,3313.55,3308.4500000000003,0.02,0.02
27.04.2021 09:20:36.381 GMT+0100,3313.304,3309.8190000000004,0.02,0.0075
27.04.2021 09:20:36.482 GMT+0100,3314.427,3309.6140000000005,0.02,0.02
27.04.2021 09:20:45.907 GMT+0100,3312.5090000000005,3309.8190000000004,0.0075,0.02
27.04.2021 09:20:47.455 GMT+0100,3311.386,3307.6140000000005,0.02,0.02
27.04.2021 09:20:47.505 GMT+0100,3312.386,3309.491,0.02,0.02
27.04.2021 09:20:50.662 GMT+0100,3311.181,3307.8190000000004,0.02,0.02
27.04.2021 09:20:50.772 GMT+0100,3312.3450000000003,3307.655,0.02,0.02
27.04.2021 09:20:51.968 GMT+0100,3311.5090000000005,3307.573,0.0075,0.02
27.04.2021 09:20:58.021 GMT+0100,3310.5090000000005,3307.9990000000003,0.0075,0.02
27.04.2021 09:21:00.209 GMT+0100,3315.427,3307.491,0.02,0.02
27.04.2021 09:21:00.260 GMT+0100,3309.3450000000003,3303.737,0.02,0.02
27.04.2021 09:21:00.469 GMT+0100,3309.3450000000003,3304.9990000000003,0.02,0.0075
27.04.2021 09:21:01.512 GMT+0100,3308.427,3304.737,0.0075,0.02
27.04.2021 09:21:05.627 GMT+0100,3307.386,3301.573,0.02,0.02
27.04.2021 09:21:05.728 GMT+0100,3307.263,3304.8190000000004,0.02,0.02
27.04.2021 09:21:06.568 GMT+0100,3306.427,3304.75,0.0075,0.0075
27.04.2021 09:21:06.729 GMT+0100,3306.181,3301.4500000000003,0.02,0.02
27.04.2021 09:21:07.046 GMT+0100,3306.181,3304.491,0.02,0.0075
27.04.2021 09:21:08.851 GMT+0100,3306.304,3302.778,0.02,0.02
27.04.2021 09:21:11.886 GMT+0100,3306.263,3304.655,0.02,0.0075
27.04.2021 09:21:12.206 GMT+0100,3306.181,3302.655,0.02,0.02
27.04.2021 09:21:19.096 GMT+0100,3306.5090000000005,3301.696,0.02,0.02
27.04.2021 09:21:19.204 GMT+0100,3306.427,3304.4500000000003,0.02,0.02
27.04.2021 09:21:22.284 GMT+0100,3306.55,3301.655,0.02,0.02
27.04.2021 09:21:22.604 GMT+0100,3306.427,3304.655,0.02,0.0075
27.04.2021 09:21:24.434 GMT+0100,3306.222,3300.737,0.02,0.02
27.04.2021 09:21:24.568 GMT+0100,3306.55,3301.778,0.02,0.0075
27.04.2021 09:21:24.788 GMT+0100,3306.222,3304.655,0.02,0.02
27.04.2021 09:21:29.351 GMT+0100,3306.304,3302.9990000000003,0.02,0.02
27.04.2021 09:21:29.451 GMT+0100,3306.181,3304.6140000000005,0.02,0.02
27.04.2021 09:21:47.962 GMT+0100,3305.427,3302.737,0.02,0.02
27.04.2021 09:21:48.196 GMT+0100,3305.5090000000005,3303.4500000000003,0.02,0.0075
27.04.2021 09:21:49.666 GMT+0100,3306.304,3303.9990000000003,0.02,0.02
27.04.2021 09:21:49.772 GMT+0100,3305.304,3303.4500000000003,0.02,0.02
27.04.2021 09:21:50.018 GMT+0100,3306.181,3303.6140000000005,0.02,0.02
27.04.2021 09:21:51.622 GMT+0100,3306.222,3302.778,0.02,0.02
27.04.2021 09:21:54.663 GMT+0100,3305.222,3302.737,0.02,0.02
27.04.2021 09:21:55.913 GMT+0100,3305.468,3298.491,0.02,0.02
27.04.2021 09:21:55.963 GMT+0100,3303.5090000000005,3298.696,0.02,0.02
27.04.2021 09:21:56.368 GMT+0100,3303.468,3299.8190000000004,0.02,0.0075
27.04.2021 09:21:57.907 GMT+0100,3303.222,3300.4500000000003,0.02,0.02
27.04.2021 09:21:59.677 GMT+0100,3302.222,3300.573,0.02,0.02
27.04.2021 09:22:04.563 GMT+0100,3302.386,3299.4500000000003,0.02,0.02
27.04.2021 09:22:04.961 GMT+0100,3302.55,3300.532,0.02,0.02
27.04.2021 09:22:06.434 GMT+0100,3302.468,3299.491,0.02,0.02
27.04.2021 09:22:18.029 GMT+0100,3302.222,3300.737,0.02,0.0075
27.04.2021 09:22:19.718 GMT+0100,3301.386,3300.25,0.0075,0.0075
27.04.2021 09:22:19.769 GMT+0100,3301.386,3295.4500000000003,0.02,0.02
27.04.2021 09:22:19.856 GMT+0100,3301.468,3297.491,0.02,0.0075
27.04.2021 09:22:19.976 GMT+0100,3301.263,3299.491,0.02,0.0075
27.04.2021 09:22:22.661 GMT+0100,3302.222,3299.573,0.02,0.02
27.04.2021 09:22:25.813 GMT+0100,3302.263,3297.8190000000004,0.02,0.02
27.04.2021 09:22:27.643 GMT+0100,3303.181,3297.6140000000005,0.02,0.02
27.04.2021 09:22:27.711 GMT+0100,3300.304,3297.532,0.0075,0.02
27.04.2021 09:22:35.618 GMT+0100,3300.427,3294.696,0.02,0.02
27.04.2021 09:22:36.070 GMT+0100,3300.181,3297.737,0.02,0.0075
27.04.2021 09:22:58.641 GMT+0100,3300.181,3295.4500000000003,0.02,0.02
27.04.2021 09:22:58.742 GMT+0100,3298.3450000000003,3295.532,0.02,0.02
27.04.2021 09:22:59.065 GMT+0100,3298.263,3296.9990000000003,0.02,0.0075
27.04.2021 09:22:59.573 GMT+0100,3300.181,3296.491,0.02,0.02
27.04.2021 09:23:15.820 GMT+0100,3303.222,3297.696,0.02,0.02
27.04.2021 09:23:24.218 GMT+0100,3300.5090000000005,3297.573,0.02,0.02
27.04.2021 09:23:27.384 GMT+0100,3303.386,3297.573,0.02,0.02
27.04.2021 09:23:28.886 GMT+0100,3302.304,3297.4500000000003,0.0075,0.02
27.04.2021 09:23:29.278 GMT+0100,3303.222,3297.532,0.02,0.02
27.04.2021 09:23:29.911 GMT+0100,3303.304,3298.655,0.02,0.02
27.04.2021 09:23:32.200 GMT+0100,3303.222,3299.6140000000005,0.02,0.0075
27.04.2021 09:23:32.630 GMT+0100,3303.427,3301.8190000000004,0.02,0.02
27.04.2021 09:23:32.882 GMT+0100,3303.5090000000005,3299.532,0.02,0.02
27.04.2021 09:23:42.507 GMT+0100,3303.386,3301.573,0.02,0.0075
27.04.2021 09:23:43.472 GMT+0100,3303.263,3299.655,0.02,0.02
27.04.2021 09:23:44.896 GMT+0100,3303.263,3298.696,0.02,0.02
27.04.2021 09:23:46.312 GMT+0100,3305.222,3298.737,0.02,0.02
27.04.2021 09:23:51.416 GMT+0100,3303.55,3298.696,0.0075,0.02
27.04.2021 09:24:01.897 GMT+0100,3303.222,3301.532,0.02,0.0075
27.04.2021 09:24:03.627 GMT+0100,3303.5090000000005,3298.655,0.02,0.02
27.04.2021 09:24:04.123 GMT+0100,3305.386,3298.573,0.02,0.02
27.04.2021 09:24:04.588 GMT+0100,3305.5090000000005,3301.6140000000005,0.02,0.0075
27.04.2021 09:24:19.051 GMT+0100,3303.222,3301.9990000000003,0.02,0.02
27.04.2021 09:24:19.318 GMT+0100,3303.0009999999997,3298.8190000000004,0.02,0.02
27.04.2021 09:24:22.077 GMT+0100,3302.5090000000005,3294.573,0.02,0.02
27.04.2021 09:24:22.196 GMT+0100,3302.304,3296.9990000000003,0.02,0.0075
27.04.2021 09:24:22.246 GMT+0100,3302.181,3294.9990000000003,0.02,0.02
27.04.2021 09:24:22.706 GMT+0100,3299.181,3294.8190000000004,0.0075,0.02
27.04.2021 09:24:24.858 GMT+0100,3299.222,3292.8190000000004,0.02,0.02
27.04.2021 09:24:25.107 GMT+0100,3298.0009999999997,3292.655,0.02,0.02
27.04.2021 09:24:27.860 GMT+0100,3298.5090000000005,3291.696,0.02,0.02
27.04.2021 09:24:29.794 GMT+0100,3298.468,3293.655,0.02,0.0075
27.04.2021 09:24:34.238 GMT+0100,3298.181,3291.491,0.02,0.02
27.04.2021 09:24:36.176 GMT+0100,3298.0009999999997,3293.4500000000003,0.02,0.0075
27.04.2021 09:24:41.572 GMT+0100,3298.427,3291.6140000000005,0.02,0.02
27.04.2021 09:24:43.524 GMT+0100,3298.304,3293.532,0.02,0.0075
27.04.2021 09:24:51.690 GMT+0100,3299.181,3293.9990000000003,0.02,0.02
27.04.2021 09:24:58.470 GMT+0100,3299.0009999999997,3296.8190000000004,0.0075,0.0075
27.04.2021 09:24:58.521 GMT+0100,3303.222,3296.655,0.02,0.02
27.04.2021 09:24:58.592 GMT+0100,3303.427,3297.9990000000003,0.02,0.0075
27.04.2021 09:25:02.112 GMT+0100,3303.263,3296.655,0.02,0.02
27.04.2021 09:25:04.231 GMT+0100,3303.181,3299.491,0.02,0.02
27.04.2021 09:25:07.021 GMT+0100,3302.181,3299.6140000000005,0.02,0.02
27.04.2021 09:25:19.137 GMT+0100,3302.222,3296.655,0.02,0.02
27.04.2021 09:25:20.992 GMT+0100,3302.304,3297.655,0.02,0.02
27.04.2021 09:25:34.263 GMT+0100,3302.3450000000003,3298.4500000000003,0.02,0.02
27.04.2021 09:26:00.394 GMT+0100,3303.3450000000003,3298.4500000000003,0.02,0.02
27.04.2021 09:26:00.576 GMT+0100,3309.427,3301.778,0.02,0.02
27.04.2021 09:26:01.442 GMT+0100,3308.5090000000005,3301.655,0.0075,0.02
27.04.2021 09:26:02.776 GMT+0100,3308.5090000000005,3303.4500000000003,0.02,0.0075
27.04.2021 09:26:05.356 GMT+0100,3306.55,3303.778,0.0075,0.02
27.04.2021 09:26:27.458 GMT+0100,3310.0009999999997,3303.778,0.02,0.02
27.04.2021 09:26:28.398 GMT+0100,3311.181,3303.655,0.02,0.02
27.04.2021 09:26:29.039 GMT+0100,3314.263,3306.737,0.02,0.02
27.04.2021 09:26:30.525 GMT+0100,3314.222,3308.696,0.02,0.0075
27.04.2021 09:26:44.502 GMT+0100,3315.468,3308.696,0.02,0.02
27.04.2021 09:27:24.918 GMT+0100,3315.304,3310.4500000000003,0.0075,0.0075
27.04.2021 09:27:24.969 GMT+0100,3318.181,3310.8190000000004,0.02,0.02
27.04.2021 09:27:25.659 GMT+0100,3317.5090000000005,3309.655,0.0075,0.0075
27.04.2021 09:27:25.710 GMT+0100,3318.222,3309.4500000000003,0.02,0.02
27.04.2021 09:27:28.606 GMT+0100,3318.181,3310.6140000000005,0.02,0.0075
27.04.2021 09:27:29.895 GMT+0100,3319.55,3310.9990000000003,0.02,0.02
27.04.2021 09:27:30.243 GMT+0100,3319.222,3311.573,0.02,0.0075
27.04.2021 09:27:31.208 GMT+0100,3319.427,3312.696,0.0075,0.0075
27.04.2021 09:27:31.259 GMT+0100,3320.386,3312.532,0.02,0.02
27.04.2021 09:27:32.628 GMT+0100,3322.427,3314.655,0.02,0.02
27.04.2021 09:27:35.639 GMT+0100,3324.468,3316.573,0.02,0.02
27.04.2021 09:27:35.740 GMT+0100,3323.263,3316.778,0.02,0.02
27.04.2021 09:27:37.467 GMT+0100,3323.468,3317.696,0.02,0.0075
27.04.2021 09:27:37.518 GMT+0100,3324.263,3317.4500000000003,0.02,0.02
27.04.2021 09:27:42.290 GMT+0100,3324.386,3318.696,0.0075,0.0075
27.04.2021 09:27:42.340 GMT+0100,3327.468,3318.6140000000005,0.02,0.02
27.04.2021 09:27:42.481 GMT+0100,3326.181,3318.491,0.0075,0.02
27.04.2021 09:27:42.764 GMT+0100,3325.5090000000005,3318.4500000000003,0.0075,0.02
27.04.2021 09:27:43.389 GMT+0100,3325.386,3320.491,0.02,0.02
27.04.2021 09:28:01.031 GMT+0100,3325.386,3321.655,0.02,0.0075
27.04.2021 09:28:01.081 GMT+0100,3332.0009999999997,3322.9990000000003,0.02,0.02
27.04.2021 09:28:01.380 GMT+0100,3330.427,3322.655,0.0075,0.02
27.04.2021 09:28:01.772 GMT+0100,3330.468,3324.532,0.02,0.0075
27.04.2021 09:28:02.573 GMT+0100,3330.3450000000003,3326.655,0.02,0.02
27.04.2021 09:28:02.623 GMT+0100,3334.222,3326.6140000000005,0.02,0.02
27.04.2021 09:28:12.423 GMT+0100,3334.386,3323.8190000000004,0.02,0.02
27.04.2021 09:28:12.473 GMT+0100,3332.3450000000003,3323.655,0.02,0.02
27.04.2021 09:28:16.023 GMT+0100,3333.427,3323.8190000000004,0.02,0.02
27.04.2021 09:28:17.289 GMT+0100,3332.0009999999997,3323.532,0.02,0.02
27.04.2021 09:28:20.613 GMT+0100,3330.55,3323.9990000000003,0.0075,0.02
27.04.2021 09:28:26.984 GMT+0100,3330.427,3324.4500000000003,0.02,0.0075
27.04.2021 09:28:29.255 GMT+0100,3330.427,3325.655,0.02,0.0075
27.04.2021 09:28:30.287 GMT+0100,3337.386,3329.491,0.02,0.02
27.04.2021 09:28:32.174 GMT+0100,3339.304,3329.655,0.02,0.02
27.04.2021 09:28:32.523 GMT+0100,3339.304,3331.8190000000004,0.02,0.0075
27.04.2021 09:28:47.173 GMT+0100,3339.222,3332.778,0.0075,0.02
27.04.2021 09:28:47.224 GMT+0100,3341.5090000000005,3332.655,0.02,0.02
27.04.2021 09:28:47.274 GMT+0100,3345.386,3337.696,0.02,0.02
27.04.2021 09:28:57.848 GMT+0100,3345.263,3339.573,0.02,0.02
27.04.2021 09:29:03.180 GMT+0100,3345.263,3340.9990000000003,0.0075,0.0075
27.04.2021 09:29:03.230 GMT+0100,3349.468,3340.573,0.02,0.02
27.04.2021 09:29:03.303 GMT+0100,3344.55,3340.4500000000003,0.02,0.02
27.04.2021 09:29:03.353 GMT+0100,3344.263,3336.737,0.02,0.02
27.04.2021 09:29:03.458 GMT+0100,3347.0009999999997,3336.8190000000004,0.02,0.02
27.04.2021 09:29:03.772 GMT+0100,3346.5090000000005,3336.778,0.0075,0.02
27.04.2021 09:29:04.249 GMT+0100,3346.181,3337.655,0.02,0.0075
27.04.2021 09:29:07.856 GMT+0100,3341.222,3336.573,0.0075,0.02
27.04.2021 09:29:10.378 GMT+0100,3345.386,3336.737,0.02,0.02
27.04.2021 09:29:10.429 GMT+0100,3346.5090000000005,3340.573,0.02,0.02
27.04.2021 09:29:10.558 GMT+0100,3344.304,3340.573,0.02,0.02
27.04.2021 09:29:11.432 GMT+0100,3349.304,3340.8190000000004,0.02,0.02
27.04.2021 09:29:12.997 GMT+0100,3346.181,3340.737,0.0075,0.0075
27.04.2021 09:29:13.047 GMT+0100,3346.222,3336.737,0.02,0.02
27.04.2021 09:29:13.284 GMT+0100,3347.222,3336.4500000000003,0.02,0.02
27.04.2021 09:29:14.059 GMT+0100,3345.427,3336.655,0.0075,0.02
27.04.2021 09:29:23.647 GMT+0100,3343.5090000000005,3334.737,0.02,0.02
27.04.2021 09:29:27.888 GMT+0100,3343.427,3335.6140000000005,0.02,0.0075
27.04.2021 09:29:38.810 GMT+0100,3344.386,3337.655,0.02,0.02
27.04.2021 09:29:40.204 GMT+0100,3342.55,3337.6140000000005,0.0075,0.02
27.04.2021 09:30:29.454 GMT+0100,3345.304,3337.4500000000003,0.02,0.02
27.04.2021 09:30:31.356 GMT+0100,3347.181,3337.696,0.02,0.02
27.04.2021 09:30:32.306 GMT+0100,3345.222,3337.491,0.0075,0.02
27.04.2021 09:30:34.043 GMT+0100,3345.181,3339.4500000000003,0.02,0.02
27.04.2021 09:30:34.330 GMT+0100,3347.386,3340.8190000000004,0.02,0.02
27.04.2021 09:30:34.407 GMT+0100,3347.3450000000003,3341.573,0.02,0.0075
27.04.2021 09:30:34.521 GMT+0100,3344.0009999999997,3341.532,0.0075,0.02
27.04.2021 09:30:43.104 GMT+0100,3349.386,3341.9990000000003,0.02,0.02
27.04.2021 09:30:54.112 GMT+0100,3349.181,3342.4500000000003,0.02,0.0075
27.04.2021 09:30:55.622 GMT+0100,3345.0009999999997,3342.696,0.02,0.02
27.04.2021 09:31:09.218 GMT+0100,3351.468,3342.696,0.02,0.02
27.04.2021 09:31:09.396 GMT+0100,3347.0009999999997,3342.491,0.0075,0.02
27.04.2021 09:31:12.810 GMT+0100,3347.263,3343.573,0.02,0.0075
27.04.2021 09:31:46.688 GMT+0100,3344.468,3343.25,0.0075,0.0075
27.04.2021 09:31:46.738 GMT+0100,3344.304,3337.737,0.02,0.02
27.04.2021 09:31:47.618 GMT+0100,3343.427,3337.6140000000005,0.0075,0.02
27.04.2021 09:31:51.697 GMT+0100,3342.468,3337.6140000000005,0.02,0.02
27.04.2021 09:31:52.144 GMT+0100,3342.55,3332.655,0.02,0.02
27.04.2021 09:31:52.440 GMT+0100,3342.427,3333.696,0.02,0.0075
27.04.2021 09:31:53.764 GMT+0100,3340.5090000000005,3333.8190000000004,0.02,0.02
27.04.2021 09:31:56.523 GMT+0100,3340.0009999999997,3336.737,0.02,0.0075
27.04.2021 09:32:28.800 GMT+0100,3343.304,3336.737,0.02,0.02
27.04.2021 09:32:28.936 GMT+0100,3345.468,3336.778,0.02,0.02
27.04.2021 09:32:29.720 GMT+0100,3347.427,3336.655,0.02,0.02
27.04.2021 09:32:29.784 GMT+0100,3347.427,3337.737,0.02,0.0075
27.04.2021 09:32:31.430 GMT+0100,3347.263,3340.4500000000003,0.02,0.0075
27.04.2021 09:33:07.869 GMT+0100,3349.0009999999997,3340.778,0.02,0.02
27.04.2021 09:33:09.812 GMT+0100,3349.3450000000003,3342.6140000000005,0.02,0.0075
27.04.2021 09:33:14.446 GMT+0100,3350.427,3342.696,0.02,0.02
27.04.2021 09:33:20.656 GMT+0100,3349.468,3342.778,0.0075,0.02
27.04.2021 09:33:27.659 GMT+0100,3347.5090000000005,3342.778,0.0075,0.02
27.04.2021 09:33:27.760 GMT+0100,3346.386,3342.8190000000004,0.02,0.02
27.04.2021 09:33:28.973 GMT+0100,3348.0009999999997,3340.532,0.02,0.02
27.04.2021 09:33:29.490 GMT+0100,3348.181,3343.9990000000003,0.02,0.0075
27.04.2021 09:33:30.764 GMT+0100,3347.386,3343.4500000000003,0.0075,0.02
27.04.2021 09:33:38.710 GMT+0100,3348.222,3343.778,0.02,0.02
27.04.2021 09:33:44.916 GMT+0100,3355.222,3346.573,0.02,0.02
27.04.2021 09:33:45.080 GMT+0100,3354.5090000000005,3346.6140000000005,0.02,0.02
27.04.2021 09:33:45.273 GMT+0100,3355.55,3346.778,0.02,0.02
27.04.2021 09:33:45.323 GMT+0100,3355.263,3348.737,0.02,0.02
27.04.2021 09:34:03.824 GMT+0100,3355.304,3349.6140000000005,0.0075,0.0075
27.04.2021 09:34:03.874 GMT+0100,3357.304,3349.778,0.02,0.02
27.04.2021 09:34:05.633 GMT+0100,3359.468,3349.9990000000003,0.02,0.02
27.04.2021 09:34:05.776 GMT+0100,3359.386,3351.491,0.02,0.0075
27.04.2021 09:34:07.542 GMT+0100,3361.3450000000003,3351.9990000000003,0.02,0.02
27.04.2021 09:34:08.856 GMT+0100,3361.263,3352.655,0.0075,0.0075
27.04.2021 09:34:28.788 GMT+0100,3363.263,3356.491,0.02,0.0075
27.04.2021 09:35:01.188 GMT+0100,3364.222,3356.655,0.02,0.02
27.04.2021 09:35:01.252 GMT+0100,3364.0009999999997,3358.6140000000005,0.0075,0.0075
27.04.2021 09:35:01.302 GMT+0100,3366.5090000000005,3358.9990000000003,0.02,0.02
27.04.2021 09:35:01.353 GMT+0100,3361.304,3358.655,0.0075,0.0075
27.04.2021 09:35:01.404 GMT+0100,3361.263,3355.778,0.02,0.02
27.04.2021 09:35:01.508 GMT+0100,3360.5090000000005,3355.573,0.0075,0.02
27.04.2021 09:35:15.271 GMT+0100,3359.3450000000003,3355.696,0.0075,0.0075
27.04.2021 09:35:16.748 GMT+0100,3364.386,3355.6140000000005,0.02,0.02
27.04.2021 09:35:50.176 GMT+0100,3362.468,3354.9990000000003,0.02,0.02
27.04.2021 09:35:50.277 GMT+0100,3359.222,3354.4500000000003,0.0075,0.02
27.04.2021 09:35:50.655 GMT+0100,3358.0009999999997,3354.696,0.02,0.02
27.04.2021 09:35:52.286 GMT+0100,3358.468,3350.655,0.02,0.02
27.04.2021 09:35:52.580 GMT+0100,3356.3450000000003,3350.696,0.0075,0.02
27.04.2021 09:36:05.129 GMT+0100,3358.427,3350.778,0.02,0.02
27.04.2021 09:36:05.179 GMT+0100,3354.5090000000005,3350.696,0.02,0.02
27.04.2021 09:36:09.013 GMT+0100,3360.263,3350.778,0.02,0.02
27.04.2021 09:36:09.317 GMT+0100,3358.427,3350.8190000000004,0.0075,0.02
27.04.2021 09:36:28.397 GMT+0100,3358.263,3351.9990000000003,0.02,0.0075
27.04.2021 09:37:01.031 GMT+0100,3357.427,3351.8190000000004,0.02,0.02
27.04.2021 09:37:06.368 GMT+0100,3355.263,3351.8190000000004,0.02,0.0075
27.04.2021 09:37:06.419 GMT+0100,3355.263,3346.696,0.02,0.02
27.04.2021 09:37:07.880 GMT+0100,3354.55,3346.737,0.0075,0.0075
27.04.2021 09:37:07.930 GMT+0100,3353.222,3344.696,0.02,0.02
27.04.2021 09:37:08.631 GMT+0100,3353.304,3345.778,0.02,0.02
27.04.2021 09:37:12.889 GMT+0100,3352.3450000000003,3345.532,0.02,0.02
27.04.2021 09:37:14.168 GMT+0100,3349.5090000000005,3345.8190000000004,0.02,0.0075
27.04.2021 09:37:14.219 GMT+0100,3349.5090000000005,3342.573,0.02,0.02
27.04.2021 09:37:22.271 GMT+0100,3349.222,3341.655,0.02,0.02
27.04.2021 09:37:24.257 GMT+0100,3349.222,3344.4500000000003,0.02,0.0075
27.04.2021 09:37:32.449 GMT+0100,3349.263,3345.696,0.02,0.0075
27.04.2021 09:37:43.063 GMT+0100,3353.0009999999997,3345.778,0.02,0.02
27.04.2021 09:38:08.988 GMT+0100,3353.222,3347.696,0.02,0.02
27.04.2021 09:38:21.470 GMT+0100,3352.55,3347.778,0.0075,0.0075
27.04.2021 09:38:21.521 GMT+0100,3352.0009999999997,3345.532,0.02,0.02
27.04.2021 09:38:41.208 GMT+0100,3349.304,3345.491,0.0075,0.02
27.04.2021 09:38:42.408 GMT+0100,3351.0009999999997,3345.491,0.02,0.02
27.04.2021 09:38:42.458 GMT+0100,3348.181,3345.8190000000004,0.02,0.02
27.04.2021 09:38:52.956 GMT+0100,3348.468,3341.532,0.02,0.02
27.04.2021 09:38:53.882 GMT+0100,3348.0009999999997,3340.6140000000005,0.02,0.02
27.04.2021 09:38:53.932 GMT+0100,3348.263,3342.696,0.02,0.02
27.04.2021 09:38:54.457 GMT+0100,3345.0009999999997,3342.6140000000005,0.02,0.02
27.04.2021 09:38:56.040 GMT+0100,3345.5090000000005,3339.737,0.02,0.02
27.04.2021 09:39:09.852 GMT+0100,3345.181,3341.532,0.02,0.0075
27.04.2021 09:39:12.266 GMT+0100,3345.181,3337.655,0.02,0.02
27.04.2021 09:39:12.469 GMT+0100,3345.0009999999997,3339.573,0.02,0.0075
27.04.2021 09:39:12.520 GMT+0100,3344.263,3336.655,0.02,0.02
27.04.2021 09:39:14.933 GMT+0100,3344.55,3335.8190000000004,0.02,0.02
27.04.2021 09:39:15.654 GMT+0100,3341.0009999999997,3335.4500000000003,0.0075,0.02
27.04.2021 09:39:17.530 GMT+0100,3341.5090000000005,3333.696,0.02,0.02
27.04.2021 09:39:24.860 GMT+0100,3338.0009999999997,3333.6140000000005,0.02,0.02
27.04.2021 09:39:27.008 GMT+0100,3337.468,3333.8190000000004,0.0075,0.02
27.04.2021 09:39:27.672 GMT+0100,3337.263,3334.655,0.02,0.0075
27.04.2021 09:39:30.163 GMT+0100,3337.181,3333.6140000000005,0.02,0.02
27.04.2021 09:39:30.481 GMT+0100,3336.468,3333.6140000000005,0.0075,0.02
27.04.2021 09:39:44.388 GMT+0100,3336.181,3330.491,0.02,0.02
27.04.2021 09:39:44.439 GMT+0100,3336.3450000000003,3329.6140000000005,0.02,0.02
27.04.2021 09:39:59.168 GMT+0100,3336.263,3331.737,0.02,0.0075
27.04.2021 09:39:59.269 GMT+0100,3336.304,3333.9990000000003,0.02,0.02
27.04.2021 09:40:17.223 GMT+0100,3338.304,3333.532,0.02,0.02
27.04.2021 09:40:42.095 GMT+0100,3338.427,3331.696,0.02,0.02
27.04.2021 09:41:38.442 GMT+0100,3344.222,3337.737,0.02,0.02
27.04.2021 09:41:40.768 GMT+0100,3343.468,3337.532,0.02,0.02
27.04.2021 09:42:14.602 GMT+0100,3342.304,3337.8190000000004,0.02,0.02
27.04.2021 09:42:27.818 GMT+0100,3341.427,3336.532,0.02,0.02
27.04.2021 09:42:28.018 GMT+0100,3342.386,3336.655,0.02,0.02
27.04.2021 09:42:28.200 GMT+0100,3342.427,3337.9990000000003,0.02,0.0075
27.04.2021 09:43:50.619 GMT+0100,3343.468,3339.573,0.02,0.02
27.04.2021 09:44:01.158 GMT+0100,3343.5090000000005,3337.9990000000003,0.02,0.02
27.04.2021 09:44:10.308 GMT+0100,3342.304,3337.655,0.0075,0.02
27.04.2021 09:44:48.524 GMT+0100,3342.468,3338.491,0.02,0.0075
27.04.2021 09:44:48.624 GMT+0100,3342.181,3336.8190000000004,0.02,0.02
27.04.2021 09:44:49.081 GMT+0100,3341.222,3334.9990000000003,0.02,0.02
27.04.2021 09:44:49.131 GMT+0100,3339.304,3333.8190000000004,0.02,0.02
27.04.2021 09:44:51.605 GMT+0100,3342.263,3335.4500000000003,0.02,0.02
27.04.2021 09:44:51.656 GMT+0100,3343.3450000000003,3336.532,0.02,0.02
27.04.2021 09:44:51.900 GMT+0100,3342.468,3336.573,0.02,0.02
27.04.2021 09:44:57.860 GMT+0100,3341.55,3336.9990000000003,0.0075,0.02
27.04.2021 09:44:57.911 GMT+0100,3343.5090000000005,3335.491,0.02,0.02
27.04.2021 09:44:57.961 GMT+0100,3341.222,3334.696,0.02,0.02
27.04.2021 09:45:01.230 GMT+0100,3340.55,3334.4500000000003,0.02,0.02
27.04.2021 09:45:04.172 GMT+0100,3342.222,3334.778,0.02,0.02
27.04.2021 09:45:23.575 GMT+0100,3342.468,3335.573,0.0075,0.0075
27.04.2021 09:45:23.625 GMT+0100,3343.468,3335.778,0.02,0.02
27.04.2021 09:45:27.584 GMT+0100,3343.181,3337.696,0.02,0.0075
27.04.2021 09:46:11.251 GMT+0100,3342.55,3337.573,0.0075,0.02
27.04.2021 09:46:13.768 GMT+0100,3340.263,3337.737,0.02,0.02
27.04.2021 09:46:50.308 GMT+0100,3340.263,3334.491,0.02,0.02
27.04.2021 09:46:50.513 GMT+0100,3340.468,3336.532,0.02,0.0075
27.04.2021 09:46:54.114 GMT+0100,3337.386,3331.8190000000004,0.02,0.02
27.04.2021 09:46:54.172 GMT+0100,3335.0009999999997,3331.737,0.0075,0.02
27.04.2021 09:46:54.273 GMT+0100,3335.55,3329.532,0.02,0.02
27.04.2021 09:46:59.300 GMT+0100,3333.55,3328.573,0.02,0.02
27.04.2021 09:47:03.369 GMT+0100,3333.3450000000003,3330.778,0.0075,0.0075
27.04.2021 09:47:03.419 GMT+0100,3338.5090000000005,3330.737,0.02,0.02
27.04.2021 09:47:03.568 GMT+0100,3336.468,3330.696,0.0075,0.02
27.04.2021 09:47:03.768 GMT+0100,3336.263,3331.737,0.02,0.0075
27.04.2021 09:47:04.143 GMT+0100,3336.222,3330.6140000000005,0.02,0.02
27.04.2021 09:47:11.843 GMT+0100,3336.427,3329.696,0.02,0.02
27.04.2021 09:47:27.251 GMT+0100,3336.468,3331.737,0.02,0.0075
27.04.2021 09:48:11.985 GMT+0100,3336.263,3333.573,0.02,0.0075
27.04.2021 09:48:12.302 GMT+0100,3336.3450000000003,3331.8190000000004,0.02,0.02
27.04.2021 09:48:17.915 GMT+0100,3334.222,3331.737,0.02,0.02
27.04.2021 09:48:17.965 GMT+0100,3334.55,3328.4500000000003,0.02,0.02
27.04.2021 09:48:37.776 GMT+0100,3333.263,3328.4500000000003,0.0075,0.02
27.04.2021 09:48:37.827 GMT+0100,3334.3450000000003,3328.491,0.02,0.02
27.04.2021 09:48:38.787 GMT+0100,3333.222,3328.491,0.02,0.02
27.04.2021 09:48:45.197 GMT+0100,3334.55,3329.9990000000003,0.02,0.02
27.04.2021 09:48:45.247 GMT+0100,3334.386,3328.532,0.02,0.02
27.04.2021 09:48:46.055 GMT+0100,3329.55,3322.778,0.02,0.02
27.04.2021 09:48:46.443 GMT+0100,3328.0009999999997,3322.532,0.0075,0.0075
27.04.2021 09:48:46.493 GMT+0100,3328.5090000000005,3321.491,0.02,0.02
27.04.2021 09:48:47.105 GMT+0100,3327.427,3321.696,0.0075,0.0075
27.04.2021 09:48:47.609 GMT+0100,3326.304,3321.4500000000003,0.0075,0.0075
27.04.2021 09:48:47.659 GMT+0100,3326.427,3319.8190000000004,0.02,0.02
27.04.2021 09:48:47.709 GMT+0100,3328.181,3322.532,0.02,0.02
27.04.2021 09:48:47.823 GMT+0100,3328.222,3321.737,0.02,0.02
27.04.2021 09:48:48.039 GMT+0100,3328.468,3320.9990000000003,0.02,0.02
27.04.2021 09:48:48.108 GMT+0100,3328.304,3322.655,0.02,0.02
27.04.2021 09:48:56.425 GMT+0100,3328.386,3323.491,0.02,0.0075
27.04.2021 09:48:57.020 GMT+0100,3327.304,3323.573,0.02,0.02
27.04.2021 09:49:06.967 GMT+0100,3327.386,3321.573,0.02,0.02
27.04.2021 09:49:07.733 GMT+0100,3327.5090000000005,3322.573,0.02,0.02
27.04.2021 09:49:10.688 GMT+0100,3327.468,3321.8190000000004,0.02,0.02
27.04.2021 09:49:10.801 GMT+0100,3326.222,3317.655,0.02,0.02
27.04.2021 09:49:11.189 GMT+0100,3325.263,3317.532,0.0075,0.02
27.04.2021 09:49:14.576 GMT+0100,3324.55,3317.737,0.0075,0.0075
27.04.2021 09:49:14.627 GMT+0100,3324.304,3315.778,0.02,0.02
27.04.2021 09:49:16.064 GMT+0100,3324.55,3316.491,0.02,0.0075
27.04.2021 09:49:16.963 GMT+0100,3321.5090000000005,3316.9990000000003,0.0075,0.02
27.04.2021 09:49:21.639 GMT+0100,3320.386,3316.532,0.0075,0.02
27.04.2021 09:49:24.846 GMT+0100,3320.386,3313.4500000000003,0.02,0.02
27.04.2021 09:49:32.063 GMT+0100,3320.263,3314.9990000000003,0.02,0.02
27.04.2021 09:49:46.136 GMT+0100,3320.55,3315.6140000000005,0.02,0.02
27.04.2021 09:49:49.797 GMT+0100,3324.468,3316.778,0.02,0.02
27.04.2021 09:49:49.900 GMT+0100,3324.181,3315.532,0.02,0.02
27.04.2021 09:49:49.980 GMT+0100,3323.386,3315.655,0.0075,0.02
27.04.2021 09:49:51.135 GMT+0100,3323.427,3318.655,0.02,0.02
27.04.2021 09:49:51.725 GMT+0100,3325.386,3318.9990000000003,0.02,0.02
27.04.2021 09:49:56.707 GMT+0100,3325.222,3316.696,0.02,0.02
27.04.2021 09:49:56.765 GMT+0100,3325.427,3318.6140000000005,0.02,0.0075
27.04.2021 09:49:57.568 GMT+0100,3324.304,3318.737,0.0075,0.02
27.04.2021 09:50:00.102 GMT+0100,3321.427,3318.696,0.0075,0.02
27.04.2021 09:50:01.641 GMT+0100,3325.222,3318.491,0.02,0.02
27.04.2021 09:50:01.834 GMT+0100,3325.0009999999997,3320.573,0.02,0.02
27.04.2021 09:50:12.104 GMT+0100,3325.5090000000005,3318.491,0.02,0.02
27.04.2021 09:50:14.997 GMT+0100,3322.386,3318.9990000000003,0.0075,0.02
27.04.2021 09:50:15.047 GMT+0100,3322.427,3316.6140000000005,0.02,0.02
27.04.2021 09:50:18.080 GMT+0100,3320.5090000000005,3316.8190000000004,0.0075,0.02
27.04.2021 09:50:20.639 GMT+0100,3320.263,3314.491,0.02,0.02
27.04.2021 09:50:22.773 GMT+0100,3320.427,3316.6140000000005,0.02,0.0075
27.04.2021 09:50:32.128 GMT+0100,3322.263,3316.655,0.02,0.02
27.04.2021 09:50:50.445 GMT+0100,3322.3450000000003,3317.8190000000004,0.02,0.0075
27.04.2021 09:50:58.031 GMT+0100,3321.263,3317.8190000000004,0.02,0.02
27.04.2021 09:51:32.907 GMT+0100,3321.181,3318.4500000000003,0.02,0.0075
27.04.2021 09:51:33.008 GMT+0100,3321.468,3319.6140000000005,0.02,0.02
27.04.2021 09:51:35.488 GMT+0100,3321.55,3320.737,0.0075,0.0075
27.04.2021 09:51:35.539 GMT+0100,3324.3450000000003,3320.737,0.02,0.02
27.04.2021 09:51:35.639 GMT+0100,3325.468,3320.9990000000003,0.02,0.02
27.04.2021 09:51:36.579 GMT+0100,3325.181,3319.696,0.02,0.02
27.04.2021 09:51:40.517 GMT+0100,3325.263,3320.532,0.02,0.02
27.04.2021 09:51:43.968 GMT+0100,3325.263,3321.696,0.02,0.02
27.04.2021 09:51:44.069 GMT+0100,3329.0009999999997,3323.491,0.02,0.02
27.04.2021 09:52:16.621 GMT+0100,3327.0009999999997,3323.491,0.0075,0.02
27.04.2021 09:52:17.895 GMT+0100,3327.263,3321.9990000000003,0.02,0.02
27.04.2021 09:52:25.874 GMT+0100,3327.222,3319.491,0.02,0.02
27.04.2021 09:52:25.925 GMT+0100,3324.304,3317.778,0.02,0.02
27.04.2021 09:52:26.915 GMT+0100,3323.427,3317.655,0.0075,0.02
27.04.2021 09:52:29.969 GMT+0100,3323.427,3315.778,0.02,0.02
27.04.2021 09:52:30.019 GMT+0100,3322.386,3315.737,0.02,0.02
27.04.2021 09:52:30.497 GMT+0100,3321.5090000000005,3315.8190000000004,0.0075,0.02
27.04.2021 09:52:35.019 GMT+0100,3321.222,3314.8190000000004,0.02,0.02
27.04.2021 09:52:39.254 GMT+0100,3319.5090000000005,3314.532,0.0075,0.02
27.04.2021 09:52:40.703 GMT+0100,3318.3450000000003,3314.778,0.02,0.02
27.04.2021 09:52:40.754 GMT+0100,3318.5090000000005,3311.4500000000003,0.02,0.02
27.04.2021 09:52:53.261 GMT+0100,3316.386,3311.573,0.0075,0.02
27.04.2021 09:52:57.490 GMT+0100,3315.263,3311.573,0.0075,0.02
27.04.2021 09:52:57.757 GMT+0100,3318.55,3311.491,0.02,0.02
27.04.2021 09:53:00.243 GMT+0100,3316.468,3311.737,0.0075,0.02
27.04.2021 09:53:08.642 GMT+0100,3315.55,3311.655,0.02,0.02
27.04.2021 09:53:42.269 GMT+0100,3315.468,3312.6140000000005,0.02,0.0075
27.04.2021 09:53:53.405 GMT+0100,3314.263,3312.696,0.0075,0.0075
27.04.2021 09:53:53.455 GMT+0100,3314.304,3308.573,0.02,0.02
27.04.2021 09:53:54.185 GMT+0100,3314.3450000000003,3307.696,0.02,0.02
27.04.2021 09:53:54.985 GMT+0100,3313.181,3307.655,0.0075,0.0075
27.04.2021 09:53:55.035 GMT+0100,3313.5090000000005,3305.8190000000004,0.02,0.02
27.04.2021 09:53:57.225 GMT+0100,3314.263,3306.655,0.02,0.02
27.04.2021 09:53:59.636 GMT+0100,3313.386,3306.532,0.02,0.02
27.04.2021 09:54:00.640 GMT+0100,3313.263,3308.696,0.02,0.0075
27.04.2021 09:54:01.977 GMT+0100,3311.5090000000005,3308.655,0.0075,0.02
27.04.2021 09:54:12.441 GMT+0100,3311.386,3306.4500000000003,0.02,0.02
27.04.2021 09:54:17.280 GMT+0100,3309.468,3306.696,0.0075,0.02
27.04.2021 09:54:17.331 GMT+0100,3309.55,3305.573,0.02,0.02
27.04.2021 09:54:18.668 GMT+0100,3311.263,3306.6140000000005,0.02,0.02
27.04.2021 09:54:23.455 GMT+0100,3311.386,3307.491,0.02,0.0075
27.04.2021 09:54:23.505 GMT+0100,3314.386,3307.4500000000003,0.02,0.02
27.04.2021 09:54:23.555 GMT+0100,3314.468,3311.8190000000004,0.02,0.02
27.04.2021 09:54:24.061 GMT+0100,3314.304,3309.4500000000003,0.02,0.02
27.04.2021 09:54:41.203 GMT+0100,3314.386,3308.532,0.02,0.02
27.04.2021 09:54:44.432 GMT+0100,3313.304,3308.737,0.0075,0.02
27.04.2021 09:54:44.532 GMT+0100,3313.3450000000003,3306.696,0.02,0.02
27.04.2021 09:54:45.108 GMT+0100,3312.0009999999997,3306.655,0.0075,0.02
27.04.2021 09:55:35.380 GMT+0100,3312.5090000000005,3307.9990000000003,0.02,0.0075
27.04.2021 09:55:41.461 GMT+0100,3311.5090000000005,3307.655,0.0075,0.0075
27.04.2021 09:55:41.512 GMT+0100,3311.55,3305.778,0.02,0.02
27.04.2021 09:55:44.846 GMT+0100,3309.5090000000005,3305.6140000000005,0.0075,0.02
27.04.2021 09:55:46.376 GMT+0100,3309.3450000000003,3307.778,0.02,0.0075
27.04.2021 09:55:46.962 GMT+0100,3309.222,3305.491,0.02,0.02
27.04.2021 09:55:48.064 GMT+0100,3312.55,3305.9990000000003,0.02,0.02
27.04.2021 09:55:48.117 GMT+0100,3312.386,3307.6140000000005,0.02,0.02
27.04.2021 09:55:52.072 GMT+0100,3313.3450000000003,3307.9990000000003,0.02,0.02
27.04.2021 09:56:12.380 GMT+0100,3310.181,3307.6140000000005,0.0075,0.0075
27.04.2021 09:56:12.430 GMT+0100,3310.304,3306.532,0.02,0.02
27.04.2021 09:56:14.773 GMT+0100,3313.468,3307.532,0.02,0.02
27.04.2021 09:56:23.922 GMT+0100,3313.181,3309.696,0.02,0.0075
27.04.2021 09:56:27.279 GMT+0100,3313.263,3308.573,0.02,0.02
27.04.2021 09:56:36.489 GMT+0100,3313.55,3309.778,0.02,0.0075
27.04.2021 09:57:29.922 GMT+0100,3316.5090000000005,3310.778,0.02,0.02
27.04.2021 09:57:30.081 GMT+0100,3315.0009999999997,3309.8190000000004,0.02,0.02
27.04.2021 09:57:32.311 GMT+0100,3315.3450000000003,3310.6140000000005,0.02,0.02
27.04.2021 09:57:37.958 GMT+0100,3316.222,3310.532,0.02,0.02
27.04.2021 09:57:46.970 GMT+0100,3314.5090000000005,3310.737,0.0075,0.02
27.04.2021 09:59:00.419 GMT+0100,3314.55,3311.655,0.02,0.0075
27.04.2021 09:59:12.525 GMT+0100,3314.0009999999997,3312.778,0.02,0.0075
27.04.2021 09:59:15.859 GMT+0100,3315.222,3312.8190000000004,0.02,0.02
27.04.2021 09:59:20.885 GMT+0100,3319.3450000000003,3313.696,0.02,0.02
27.04.2021 09:59:21.005 GMT+0100,3318.3450000000003,3313.6140000000005,0.0075,0.02
27.04.2021 09:59:27.058 GMT+0100,3320.5090000000005,3315.532,0.02,0.02
27.04.2021 09:59:29.096 GMT+0100,3318.468,3312.4500000000003,0.02,0.02
27.04.2021 09:59:30.802 GMT+0100,3319.181,3312.491,0.02,0.02
27.04.2021 09:59:30.853 GMT+0100,3319.5090000000005,3313.737,0.02,0.02
27.04.2021 09:59:33.434 GMT+0100,3319.55,3315.655,0.0075,0.0075
27.04.2021 09:59:33.485 GMT+0100,3322.3450000000003,3314.696,0.02,0.02
27.04.2021 09:59:34.512 GMT+0100,3321.468,3314.9990000000003,0.0075,0.02
27.04.2021 09:59:35.810 GMT+0100,3321.427,3315.737,0.02,0.0075
27.04.2021 09:59:36.739 GMT+0100,3322.181,3315.6140000000005,0.02,0.02
27.04.2021 09:59:42.090 GMT+0100,3321.3450000000003,3315.737,0.0075,0.02
27.04.2021 09:59:42.851 GMT+0100,3322.181,3315.573,0.02,0.02
27.04.2021 09:59:59.041 GMT+0100,3322.386,3316.573,0.0075,0.0075
27.04.2021 09:59:59.142 GMT+0100,3325.304,3319.655,0.02,0.02
27.04.2021 10:00:08.860 GMT+0100,3325.304,3318.9990000000003,0.02,0.02
27.04.2021 10:00:08.911 GMT+0100,3325.0009999999997,3317.532,0.02,0.02
27.04.2021 10:00:08.969 GMT+0100,3325.222,3320.8190000000004,0.0075,0.0075
27.04.2021 10:00:09.019 GMT+0100,3326.3450000000003,3320.778,0.02,0.02
27.04.2021 10:00:13.971 GMT+0100,3326.263,3321.778,0.0075,0.0075
27.04.2021 10:00:14.021 GMT+0100,3327.386,3321.4500000000003,0.02,0.02
27.04.2021 10:00:22.769 GMT+0100,3328.181,3322.491,0.02,0.02
27.04.2021 10:00:24.297 GMT+0100,3329.263,3322.4500000000003,0.02,0.02
27.04.2021 10:00:25.859 GMT+0100,3330.263,3322.9990000000003,0.02,0.02
27.04.2021 10:00:25.909 GMT+0100,3331.3450000000003,3323.573,0.02,0.02
27.04.2021 10:00:27.814 GMT+0100,3331.468,3325.6140000000005,0.02,0.02
27.04.2021 10:01:19.157 GMT+0100,3334.3450000000003,3325.491,0.02,0.02
27.04.2021 10:01:19.208 GMT+0100,3335.0009999999997,3329.778,0.02,0.02
27.04.2021 10:01:19.957 GMT+0100,3336.386,3329.6140000000005,0.02,0.02
27.04.2021 10:01:20.874 GMT+0100,3337.468,3329.655,0.02,0.02
27.04.2021 10:01:21.377 GMT+0100,3336.468,3329.778,0.0075,0.02
27.04.2021 10:01:22.829 GMT+0100,3334.263,3326.696,0.02,0.02
27.04.2021 10:01:23.647 GMT+0100,3335.468,3326.655,0.02,0.02
27.04.2021 10:01:28.809 GMT+0100,3332.0009999999997,3326.737,0.0075,0.0075
27.04.2021 10:01:28.859 GMT+0100,3332.5090000000005,3323.696,0.02,0.02
27.04.2021 10:01:29.802 GMT+0100,3332.0009999999997,3322.491,0.02,0.02
27.04.2021 10:01:29.852 GMT+0100,3328.427,3319.737,0.02,0.02
27.04.2021 10:01:39.307 GMT+0100,3330.3450000000003,3321.491,0.02,0.02
27.04.2021 10:01:39.415 GMT+0100,3331.386,3324.573,0.02,0.02
27.04.2021 10:01:51.701 GMT+0100,3333.55,3326.532,0.02,0.02
27.04.2021 10:01:58.769 GMT+0100,3331.5090000000005,3326.4500000000003,0.02,0.02
27.04.2021 10:01:59.630 GMT+0100,3331.55,3327.6140000000005,0.02,0.02
27.04.2021 10:01:59.757 GMT+0100,3331.3450000000003,3326.737,0.02,0.02
27.04.2021 10:01:59.807 GMT+0100,3331.304,3327.532,0.02,0.02
27.04.2021 10:02:03.437 GMT+0100,3331.263,3328.573,0.02,0.0075
27.04.2021 10:02:04.231 GMT+0100,3334.0009999999997,3328.737,0.02,0.02
27.04.2021 10:02:05.733 GMT+0100,3335.0009999999997,3328.573,0.02,0.02
27.04.2021 10:02:23.508 GMT+0100,3334.55,3328.9990000000003,0.0075,0.02
27.04.2021 10:02:25.634 GMT+0100,3335.181,3328.696,0.02,0.02
27.04.2021 10:02:26.508 GMT+0100,3335.181,3329.8190000000004,0.02,0.0075
