Local time,Ask,Bid,AskVolume,BidVolume
30.04.2021 08:00:20.133 GMT+0100,3290.181,3262.6140000000005,0.02,0.02
30.04.2021 08:00:20.234 GMT+0100,3280.3450000000003,3271.655,0.02,0.02
30.04.2021 08:00:21.952 GMT+0100,3280.427,3262.491,0.02,0.02
30.04.2021 08:00:23.772 GMT+0100,3279.0009999999997,3262.4500000000003,0.0075,0.02
30.04.2021 08:00:24.081 GMT+0100,3280.55,3262.696,0.02,0.02
30.04.2021 08:00:24.240 GMT+0100,3277.427,3262.737,0.0075,0.02
30.04.2021 08:00:24.478 GMT+0100,3277.5090000000005,3257.573,0.02,0.02
30.04.2021 08:00:28.031 GMT+0100,3276.3450000000003,3257.737,0.0075,0.02
30.04.2021 08:00:28.198 GMT+0100,3277.386,3257.491,0.02,0.02
30.04.2021 08:00:28.248 GMT+0100,3275.3450000000003,3257.491,0.02,0.02
30.04.2021 08:00:28.778 GMT+0100,3275.263,3254.778,0.02,0.02
30.04.2021 08:00:28.839 GMT+0100,3275.222,3255.573,0.02,0.0075
30.04.2021 08:00:29.570 GMT+0100,3279.5090000000005,3255.8190000000004,0.02,0.02
30.04.2021 08:00:29.752 GMT+0100,3279.5090000000005,3257.737,0.02,0.02
30.04.2021 08:00:30.513 GMT+0100,3278.427,3257.4500000000003,0.02,0.02
30.04.2021 08:00:31.583 GMT+0100,3279.0009999999997,3257.573,0.02,0.02
30.04.2021 08:00:33.919 GMT+0100,3278.386,3258.573,0.0075,0.0075
30.04.2021 08:00:35.040 GMT+0100,3276.0009999999997,3258.573,0.0075,0.02
30.04.2021 08:00:35.473 GMT+0100,3276.55,3252.8190000000004,0.02,0.02
30.04.2021 08:00:35.523 GMT+0100,3275.468,3252.573,0.02,0.02
30.04.2021 08:00:35.840 GMT+0100,3268.5090000000005,3253.778,0.02,0.02
30.04.2021 08:00:36.625 GMT+0100,3268.222,3252.778,0.02,0.02
30.04.2021 08:00:37.565 GMT+0100,3268.3450000000003,3253.696,0.02,0.0075
30.04.2021 08:00:37.710 GMT+0100,3268.0009999999997,3254.8190000000004,0.02,0.02
30.04.2021 08:00:40.035 GMT+0100,3268.427,3255.9990000000003,0.02,0.02
30.04.2021 08:00:40.436 GMT+0100,3268.0009999999997,3264.532,0.02,0.02
30.04.2021 08:00:41.078 GMT+0100,3267.0009999999997,3264.655,0.0075,0.02
30.04.2021 08:00:50.089 GMT+0100,3268.304,3264.778,0.02,0.02
30.04.2021 08:00:55.730 GMT+0100,3268.3450000000003,3255.573,0.02,0.02
30.04.2021 08:00:56.121 GMT+0100,3268.0009999999997,3254.655,0.02,0.02
30.04.2021 08:01:00.090 GMT+0100,3268.468,3245.9990000000003,0.02,0.02
30.04.2021 08:01:00.227 GMT+0100,3268.3450000000003,3244.4500000000003,0.02,0.02
30.04.2021 08:01:01.263 GMT+0100,3268.3450000000003,3256.737,0.02,0.02
30.04.2021 08:01:05.033 GMT+0100,3262.5090000000005,3256.9990000000003,0.0075,0.02
30.04.2021 08:01:08.883 GMT+0100,3267.181,3257.573,0.02,0.02
30.04.2021 08:01:08.933 GMT+0100,3282.55,3269.6140000000005,0.02,0.02
30.04.2021 08:01:09.185 GMT+0100,3284.0009999999997,3269.4500000000003,0.02,0.02
30.04.2021 08:01:09.540 GMT+0100,3280.222,3269.8190000000004,0.02,0.02
30.04.2021 08:01:09.941 GMT+0100,3280.5090000000005,3271.9990000000003,0.02,0.0075
30.04.2021 08:01:10.623 GMT+0100,3278.3450000000003,3271.532,0.0075,0.02
30.04.2021 08:01:10.723 GMT+0100,3280.181,3271.6140000000005,0.02,0.02
30.04.2021 08:01:20.819 GMT+0100,3280.468,3272.696,0.0075,0.0075
30.04.2021 08:01:20.870 GMT+0100,3284.0009999999997,3272.573,0.02,0.02
30.04.2021 08:01:21.292 GMT+0100,3287.0009999999997,3272.778,0.02,0.02
30.04.2021 08:01:21.648 GMT+0100,3280.3450000000003,3272.532,0.02,0.02
30.04.2021 08:01:25.889 GMT+0100,3280.386,3273.778,0.02,0.02
30.04.2021 08:01:30.563 GMT+0100,3279.181,3273.696,0.0075,0.0075
30.04.2021 08:01:30.613 GMT+0100,3279.427,3262.573,0.02,0.02
30.04.2021 08:01:30.769 GMT+0100,3278.0009999999997,3265.655,0.0075,0.0075
30.04.2021 08:01:30.870 GMT+0100,3276.55,3265.778,0.02,0.02
30.04.2021 08:01:31.227 GMT+0100,3275.468,3265.778,0.0075,0.02
30.04.2021 08:01:37.393 GMT+0100,3275.222,3266.778,0.02,0.02
30.04.2021 08:02:31.464 GMT+0100,3275.304,3267.8190000000004,0.02,0.0075
30.04.2021 08:02:43.367 GMT+0100,3275.181,3268.737,0.02,0.0075
30.04.2021 08:02:43.468 GMT+0100,3275.0009999999997,3269.532,0.02,0.02
30.04.2021 08:03:22.610 GMT+0100,3274.304,3264.778,0.02,0.02
30.04.2021 08:03:23.378 GMT+0100,3275.55,3266.6140000000005,0.02,0.02
30.04.2021 08:03:23.480 GMT+0100,3274.222,3266.491,0.0075,0.02
30.04.2021 08:03:23.681 GMT+0100,3275.386,3266.8190000000004,0.02,0.02
30.04.2021 08:03:24.714 GMT+0100,3274.222,3266.9990000000003,0.0075,0.02
30.04.2021 08:03:27.269 GMT+0100,3275.222,3266.696,0.02,0.02
30.04.2021 08:03:29.236 GMT+0100,3274.222,3266.6140000000005,0.0075,0.02
30.04.2021 08:03:32.543 GMT+0100,3275.55,3266.9990000000003,0.02,0.02
30.04.2021 08:03:33.074 GMT+0100,3274.427,3266.737,0.0075,0.02
30.04.2021 08:03:36.923 GMT+0100,3275.222,3266.532,0.02,0.02
30.04.2021 08:03:51.592 GMT+0100,3274.222,3266.6140000000005,0.0075,0.02
30.04.2021 08:04:05.183 GMT+0100,3274.0009999999997,3267.655,0.02,0.02
30.04.2021 08:04:06.310 GMT+0100,3275.386,3267.8190000000004,0.02,0.02
30.04.2021 08:04:09.629 GMT+0100,3278.5090000000005,3269.4500000000003,0.02,0.02
30.04.2021 08:04:11.023 GMT+0100,3276.468,3269.532,0.02,0.02
30.04.2021 08:04:17.127 GMT+0100,3276.3450000000003,3272.4500000000003,0.0075,0.0075
30.04.2021 08:04:17.177 GMT+0100,3282.3450000000003,3273.4500000000003,0.02,0.02
30.04.2021 08:04:17.511 GMT+0100,3280.5090000000005,3273.532,0.0075,0.02
30.04.2021 08:04:28.003 GMT+0100,3280.0009999999997,3274.491,0.02,0.02
30.04.2021 08:04:32.415 GMT+0100,3280.386,3275.778,0.0075,0.0075
30.04.2021 08:04:32.465 GMT+0100,3281.468,3274.573,0.02,0.02
30.04.2021 08:04:33.026 GMT+0100,3281.3450000000003,3273.9990000000003,0.02,0.02
30.04.2021 08:04:33.076 GMT+0100,3281.427,3275.491,0.02,0.02
30.04.2021 08:04:49.019 GMT+0100,3280.427,3275.778,0.0075,0.0075
30.04.2021 08:04:49.070 GMT+0100,3280.427,3272.778,0.02,0.02
30.04.2021 08:04:49.512 GMT+0100,3281.181,3272.532,0.02,0.02
30.04.2021 08:05:01.161 GMT+0100,3280.427,3273.6140000000005,0.02,0.02
30.04.2021 08:05:01.273 GMT+0100,3281.0009999999997,3274.6140000000005,0.02,0.02
30.04.2021 08:05:20.166 GMT+0100,3281.5090000000005,3275.573,0.02,0.0075
30.04.2021 08:05:21.560 GMT+0100,3284.181,3277.532,0.02,0.02
30.04.2021 08:05:21.611 GMT+0100,3290.222,3280.532,0.02,0.02
30.04.2021 08:05:23.114 GMT+0100,3289.222,3281.778,0.02,0.02
30.04.2021 08:05:27.040 GMT+0100,3288.0009999999997,3281.778,0.0075,0.02
30.04.2021 08:05:27.141 GMT+0100,3289.386,3281.4500000000003,0.02,0.02
30.04.2021 08:05:34.575 GMT+0100,3288.304,3281.737,0.0075,0.02
30.04.2021 08:05:35.197 GMT+0100,3289.5090000000005,3281.573,0.02,0.02
30.04.2021 08:05:36.819 GMT+0100,3289.386,3282.6140000000005,0.02,0.0075
30.04.2021 08:06:10.263 GMT+0100,3293.427,3284.655,0.02,0.02
30.04.2021 08:06:10.313 GMT+0100,3289.181,3284.8190000000004,0.02,0.02
30.04.2021 08:06:10.571 GMT+0100,3292.181,3284.491,0.02,0.02
30.04.2021 08:06:10.908 GMT+0100,3291.427,3284.9990000000003,0.0075,0.02
30.04.2021 08:06:11.119 GMT+0100,3292.263,3284.573,0.02,0.02
30.04.2021 08:06:25.761 GMT+0100,3290.386,3284.573,0.0075,0.02
30.04.2021 08:06:26.011 GMT+0100,3289.304,3281.778,0.02,0.02
30.04.2021 08:06:26.062 GMT+0100,3287.5090000000005,3278.573,0.02,0.02
30.04.2021 08:06:29.328 GMT+0100,3289.0009999999997,3278.491,0.02,0.02
30.04.2021 08:06:29.378 GMT+0100,3288.181,3278.737,0.02,0.02
30.04.2021 08:06:30.326 GMT+0100,3287.3450000000003,3278.655,0.0075,0.02
30.04.2021 08:06:36.842 GMT+0100,3286.263,3277.9990000000003,0.02,0.02
30.04.2021 08:06:36.892 GMT+0100,3285.55,3275.737,0.02,0.02
30.04.2021 08:06:37.048 GMT+0100,3284.5090000000005,3275.655,0.0075,0.02
30.04.2021 08:06:45.671 GMT+0100,3283.0009999999997,3275.655,0.0075,0.02
30.04.2021 08:06:46.752 GMT+0100,3283.55,3277.8190000000004,0.02,0.02
30.04.2021 08:06:52.388 GMT+0100,3283.55,3275.4500000000003,0.02,0.02
30.04.2021 08:06:54.520 GMT+0100,3283.222,3276.696,0.02,0.0075
30.04.2021 08:06:55.223 GMT+0100,3282.0009999999997,3275.8190000000004,0.02,0.02
30.04.2021 08:06:55.364 GMT+0100,3283.427,3276.532,0.02,0.02
30.04.2021 08:06:55.619 GMT+0100,3282.263,3276.655,0.0075,0.0075
30.04.2021 08:06:57.824 GMT+0100,3282.3450000000003,3275.9990000000003,0.02,0.02
30.04.2021 08:07:00.527 GMT+0100,3282.468,3276.696,0.02,0.0075
30.04.2021 08:07:29.698 GMT+0100,3282.468,3278.8190000000004,0.02,0.02
30.04.2021 08:07:33.086 GMT+0100,3287.222,3278.4500000000003,0.02,0.02
30.04.2021 08:07:45.259 GMT+0100,3285.3450000000003,3278.532,0.0075,0.02
30.04.2021 08:07:45.360 GMT+0100,3286.263,3278.8190000000004,0.02,0.02
30.04.2021 08:08:08.670 GMT+0100,3287.55,3278.737,0.02,0.02
30.04.2021 08:08:08.851 GMT+0100,3287.222,3280.655,0.0075,0.0075
30.04.2021 08:08:08.901 GMT+0100,3288.5090000000005,3280.778,0.02,0.02
30.04.2021 08:08:08.952 GMT+0100,3289.222,3282.778,0.02,0.02
30.04.2021 08:08:09.142 GMT+0100,3288.5090000000005,3282.696,0.02,0.02
30.04.2021 08:08:21.086 GMT+0100,3289.222,3282.6140000000005,0.02,0.02
30.04.2021 08:08:21.571 GMT+0100,3288.222,3282.491,0.0075,0.02
30.04.2021 08:08:24.870 GMT+0100,3289.181,3282.4500000000003,0.02,0.02
30.04.2021 08:08:24.920 GMT+0100,3290.3450000000003,3283.655,0.02,0.02
30.04.2021 08:08:44.236 GMT+0100,3290.386,3285.778,0.02,0.0075
30.04.2021 08:08:44.287 GMT+0100,3292.0009999999997,3285.696,0.02,0.02
30.04.2021 08:08:45.039 GMT+0100,3293.181,3285.491,0.02,0.02
30.04.2021 08:08:45.374 GMT+0100,3293.427,3286.8190000000004,0.02,0.02
30.04.2021 08:08:46.065 GMT+0100,3293.304,3287.655,0.02,0.0075
30.04.2021 08:08:46.115 GMT+0100,3294.427,3287.491,0.02,0.02
30.04.2021 08:09:06.861 GMT+0100,3293.0009999999997,3287.9990000000003,0.0075,0.0075
30.04.2021 08:09:06.911 GMT+0100,3293.304,3284.4500000000003,0.02,0.02
30.04.2021 08:09:07.820 GMT+0100,3292.304,3284.4500000000003,0.0075,0.02
30.04.2021 08:09:08.951 GMT+0100,3292.181,3285.9990000000003,0.02,0.02
30.04.2021 08:09:15.198 GMT+0100,3296.5090000000005,3287.4500000000003,0.02,0.02
30.04.2021 08:09:16.116 GMT+0100,3293.427,3287.573,0.0075,0.02
30.04.2021 08:09:27.487 GMT+0100,3293.181,3289.532,0.02,0.0075
30.04.2021 08:09:52.716 GMT+0100,3293.0009999999997,3288.737,0.02,0.02
30.04.2021 08:09:52.767 GMT+0100,3293.55,3286.4500000000003,0.02,0.02
30.04.2021 08:09:52.817 GMT+0100,3292.468,3285.491,0.02,0.02
30.04.2021 08:09:53.343 GMT+0100,3293.181,3286.491,0.02,0.02
30.04.2021 08:09:54.859 GMT+0100,3292.386,3286.696,0.02,0.02
30.04.2021 08:09:54.971 GMT+0100,3293.55,3286.696,0.02,0.02
30.04.2021 08:09:55.985 GMT+0100,3292.386,3286.655,0.02,0.02
30.04.2021 08:09:56.286 GMT+0100,3293.386,3286.696,0.02,0.02
30.04.2021 08:10:08.521 GMT+0100,3293.181,3288.737,0.02,0.0075
30.04.2021 08:10:09.727 GMT+0100,3293.468,3290.6140000000005,0.0075,0.0075
30.04.2021 08:10:09.777 GMT+0100,3297.263,3290.737,0.02,0.02
30.04.2021 08:10:11.844 GMT+0100,3298.5090000000005,3290.9990000000003,0.02,0.02
30.04.2021 08:10:11.894 GMT+0100,3297.0009999999997,3290.778,0.02,0.02
30.04.2021 08:10:15.783 GMT+0100,3298.181,3292.737,0.02,0.02
30.04.2021 08:10:15.902 GMT+0100,3299.0009999999997,3292.4500000000003,0.02,0.02
30.04.2021 08:10:22.904 GMT+0100,3298.263,3292.573,0.0075,0.02
30.04.2021 08:10:23.032 GMT+0100,3299.304,3292.655,0.02,0.02
30.04.2021 08:10:31.729 GMT+0100,3300.55,3292.532,0.02,0.02
30.04.2021 08:10:34.748 GMT+0100,3299.427,3291.9990000000003,0.02,0.02
30.04.2021 08:10:37.676 GMT+0100,3299.222,3292.655,0.02,0.0075
30.04.2021 08:10:50.495 GMT+0100,3298.304,3292.532,0.0075,0.02
30.04.2021 08:11:24.113 GMT+0100,3298.468,3291.778,0.02,0.02
30.04.2021 08:11:30.243 GMT+0100,3298.263,3292.9990000000003,0.02,0.0075
30.04.2021 08:11:34.511 GMT+0100,3300.55,3293.573,0.02,0.02
30.04.2021 08:11:36.212 GMT+0100,3308.3450000000003,3298.655,0.02,0.02
30.04.2021 08:11:36.828 GMT+0100,3308.263,3300.778,0.02,0.0075
30.04.2021 08:11:37.511 GMT+0100,3307.55,3300.696,0.0075,0.02
30.04.2021 08:11:38.544 GMT+0100,3307.427,3299.532,0.02,0.02
30.04.2021 08:11:38.697 GMT+0100,3307.304,3300.491,0.02,0.02
30.04.2021 08:11:49.385 GMT+0100,3308.386,3302.655,0.02,0.02
30.04.2021 08:11:51.754 GMT+0100,3309.304,3302.655,0.02,0.02
30.04.2021 08:11:51.805 GMT+0100,3312.0009999999997,3304.532,0.02,0.02
30.04.2021 08:11:57.176 GMT+0100,3312.427,3303.4500000000003,0.02,0.02
30.04.2021 08:12:03.352 GMT+0100,3311.181,3303.9990000000003,0.0075,0.02
30.04.2021 08:12:07.180 GMT+0100,3311.222,3305.737,0.02,0.02
30.04.2021 08:13:43.078 GMT+0100,3311.222,3306.696,0.0075,0.0075
30.04.2021 08:13:43.128 GMT+0100,3314.427,3306.737,0.02,0.02
30.04.2021 08:13:46.130 GMT+0100,3312.3450000000003,3305.696,0.02,0.02
30.04.2021 08:13:59.513 GMT+0100,3312.5090000000005,3306.8190000000004,0.02,0.0075
30.04.2021 08:13:59.678 GMT+0100,3312.222,3305.696,0.02,0.02
30.04.2021 08:14:00.632 GMT+0100,3312.181,3306.8190000000004,0.02,0.0075
30.04.2021 08:14:05.510 GMT+0100,3313.386,3306.8190000000004,0.02,0.02
30.04.2021 08:14:05.561 GMT+0100,3314.222,3306.491,0.02,0.02
30.04.2021 08:14:59.312 GMT+0100,3314.3450000000003,3308.655,0.02,0.02
30.04.2021 08:15:00.466 GMT+0100,3314.427,3309.4500000000003,0.02,0.0075
30.04.2021 08:15:53.174 GMT+0100,3310.427,3305.6140000000005,0.02,0.02
30.04.2021 08:15:53.244 GMT+0100,3311.5090000000005,3305.6140000000005,0.02,0.02
30.04.2021 08:15:53.516 GMT+0100,3310.3450000000003,3303.491,0.0075,0.02
30.04.2021 08:15:53.567 GMT+0100,3311.181,3303.6140000000005,0.02,0.02
30.04.2021 08:15:54.605 GMT+0100,3311.427,3304.4500000000003,0.02,0.0075
30.04.2021 08:16:00.160 GMT+0100,3311.468,3305.8190000000004,0.02,0.0075
30.04.2021 08:16:15.941 GMT+0100,3308.386,3305.655,0.0075,0.0075
30.04.2021 08:16:15.992 GMT+0100,3306.181,3299.573,0.02,0.02
30.04.2021 08:16:16.844 GMT+0100,3305.0009999999997,3299.4500000000003,0.0075,0.02
30.04.2021 08:16:16.895 GMT+0100,3305.0009999999997,3297.9990000000003,0.02,0.02
30.04.2021 08:16:19.870 GMT+0100,3305.468,3298.8190000000004,0.02,0.0075
30.04.2021 08:16:20.142 GMT+0100,3305.222,3297.4500000000003,0.02,0.02
30.04.2021 08:16:21.192 GMT+0100,3305.263,3298.696,0.02,0.0075
30.04.2021 08:16:22.158 GMT+0100,3305.222,3297.532,0.02,0.02
30.04.2021 08:16:30.224 GMT+0100,3304.3450000000003,3296.491,0.02,0.02
30.04.2021 08:16:30.357 GMT+0100,3304.468,3297.6140000000005,0.0075,0.0075
30.04.2021 08:16:30.407 GMT+0100,3305.222,3297.655,0.02,0.02
30.04.2021 08:16:35.021 GMT+0100,3304.304,3297.4500000000003,0.0075,0.02
30.04.2021 08:16:35.071 GMT+0100,3304.0009999999997,3296.491,0.02,0.02
30.04.2021 08:16:35.314 GMT+0100,3305.0009999999997,3297.9990000000003,0.02,0.0075
30.04.2021 08:16:39.228 GMT+0100,3305.304,3298.8190000000004,0.02,0.02
30.04.2021 08:16:56.014 GMT+0100,3304.427,3298.573,0.0075,0.02
30.04.2021 08:17:06.122 GMT+0100,3305.386,3298.532,0.02,0.02
30.04.2021 08:17:22.945 GMT+0100,3304.55,3298.8190000000004,0.02,0.02
30.04.2021 08:18:46.381 GMT+0100,3305.5090000000005,3298.4500000000003,0.01,0.01
30.04.2021 08:18:47.205 GMT+0100,3304.304,3298.9990000000003,0.02,0.02
30.04.2021 08:18:57.466 GMT+0100,3305.3450000000003,3298.573,0.02,0.02
30.04.2021 08:19:46.238 GMT+0100,3301.386,3296.696,0.02,0.02
30.04.2021 08:19:46.289 GMT+0100,3299.304,3293.9990000000003,0.02,0.02
30.04.2021 08:19:46.832 GMT+0100,3298.386,3290.737,0.02,0.02
30.04.2021 08:19:46.882 GMT+0100,3297.181,3289.696,0.02,0.02
30.04.2021 08:19:48.810 GMT+0100,3297.263,3288.491,0.02,0.02
30.04.2021 08:19:49.241 GMT+0100,3297.304,3289.778,0.02,0.02
30.04.2021 08:19:49.291 GMT+0100,3298.3450000000003,3289.6140000000005,0.02,0.02
30.04.2021 08:19:51.601 GMT+0100,3298.304,3290.655,0.02,0.0075
30.04.2021 08:19:58.176 GMT+0100,3297.222,3289.778,0.02,0.02
30.04.2021 08:20:01.520 GMT+0100,3295.0009999999997,3289.8190000000004,0.02,0.02
30.04.2021 08:20:15.759 GMT+0100,3294.427,3289.491,0.0075,0.02
30.04.2021 08:20:23.611 GMT+0100,3294.468,3288.737,0.02,0.02
30.04.2021 08:20:23.821 GMT+0100,3293.468,3288.4500000000003,0.0075,0.02
30.04.2021 08:20:38.708 GMT+0100,3293.263,3289.532,0.02,0.02
30.04.2021 08:20:47.356 GMT+0100,3293.304,3288.491,0.02,0.02
30.04.2021 08:20:52.432 GMT+0100,3293.3450000000003,3289.9990000000003,0.02,0.02
30.04.2021 08:20:59.860 GMT+0100,3293.304,3288.9990000000003,0.02,0.02
30.04.2021 08:21:21.562 GMT+0100,3294.0009999999997,3288.4500000000003,0.02,0.02
30.04.2021 08:21:32.511 GMT+0100,3295.5090000000005,3288.573,0.02,0.02
30.04.2021 08:21:34.745 GMT+0100,3296.427,3289.491,0.02,0.02
30.04.2021 08:21:39.077 GMT+0100,3295.222,3289.655,0.0075,0.02
30.04.2021 08:21:39.127 GMT+0100,3295.181,3288.4500000000003,0.02,0.02
30.04.2021 08:21:48.112 GMT+0100,3293.181,3288.778,0.0075,0.02
30.04.2021 08:22:02.344 GMT+0100,3293.386,3287.491,0.02,0.02
30.04.2021 08:22:02.394 GMT+0100,3293.55,3289.696,0.02,0.02
30.04.2021 08:22:03.082 GMT+0100,3293.263,3288.9990000000003,0.02,0.02
30.04.2021 08:22:06.574 GMT+0100,3293.386,3287.778,0.02,0.02
30.04.2021 08:22:37.725 GMT+0100,3293.0009999999997,3288.573,0.02,0.02
30.04.2021 08:22:41.500 GMT+0100,3293.3450000000003,3289.655,0.02,0.0075
30.04.2021 08:22:43.593 GMT+0100,3293.3450000000003,3288.778,0.02,0.02
30.04.2021 08:22:44.670 GMT+0100,3293.3450000000003,3287.696,0.02,0.02
30.04.2021 08:22:45.028 GMT+0100,3293.263,3288.8190000000004,0.02,0.0075
30.04.2021 08:23:00.722 GMT+0100,3293.427,3289.696,0.02,0.0075
30.04.2021 08:23:04.977 GMT+0100,3293.55,3288.573,0.02,0.02
30.04.2021 08:23:56.959 GMT+0100,3293.427,3290.9990000000003,0.0075,0.0075
30.04.2021 08:23:57.009 GMT+0100,3296.0009999999997,3290.8190000000004,0.02,0.02
30.04.2021 08:24:07.918 GMT+0100,3297.263,3290.9990000000003,0.02,0.02
30.04.2021 08:24:08.576 GMT+0100,3296.386,3289.8190000000004,0.02,0.02
30.04.2021 08:24:11.264 GMT+0100,3295.222,3289.778,0.02,0.02
30.04.2021 08:24:16.274 GMT+0100,3296.181,3289.8190000000004,0.02,0.02
30.04.2021 08:24:17.649 GMT+0100,3294.181,3289.655,0.0075,0.02
30.04.2021 08:24:23.828 GMT+0100,3294.304,3288.737,0.02,0.02
30.04.2021 08:24:27.424 GMT+0100,3294.222,3289.532,0.02,0.02
30.04.2021 08:24:47.288 GMT+0100,3294.427,3290.4500000000003,0.02,0.02
30.04.2021 08:24:52.887 GMT+0100,3294.222,3288.8190000000004,0.02,0.02
30.04.2021 08:25:08.731 GMT+0100,3292.5090000000005,3288.6140000000005,0.0075,0.0075
30.04.2021 08:25:08.781 GMT+0100,3292.386,3286.573,0.02,0.02
30.04.2021 08:25:08.832 GMT+0100,3293.55,3286.8190000000004,0.02,0.02
30.04.2021 08:25:14.967 GMT+0100,3293.304,3287.4500000000003,0.02,0.0075
30.04.2021 08:25:20.274 GMT+0100,3293.386,3286.9990000000003,0.02,0.02
30.04.2021 08:25:22.529 GMT+0100,3292.304,3286.532,0.0075,0.02
30.04.2021 08:25:23.027 GMT+0100,3292.386,3287.6140000000005,0.02,0.0075
30.04.2021 08:25:24.881 GMT+0100,3292.55,3286.778,0.02,0.02
30.04.2021 08:25:24.931 GMT+0100,3292.304,3287.737,0.02,0.02
30.04.2021 08:25:25.274 GMT+0100,3292.386,3286.573,0.02,0.02
30.04.2021 08:25:25.424 GMT+0100,3292.3450000000003,3287.737,0.02,0.0075
30.04.2021 08:25:35.593 GMT+0100,3292.263,3286.8190000000004,0.02,0.02
30.04.2021 08:25:36.622 GMT+0100,3292.304,3287.737,0.02,0.0075
30.04.2021 08:26:11.220 GMT+0100,3292.222,3288.9990000000003,0.02,0.0075
30.04.2021 08:26:11.417 GMT+0100,3292.222,3287.9990000000003,0.02,0.02
30.04.2021 08:26:11.514 GMT+0100,3294.468,3288.491,0.02,0.02
30.04.2021 08:26:12.799 GMT+0100,3293.3450000000003,3288.696,0.0075,0.0075
30.04.2021 08:26:12.849 GMT+0100,3293.386,3287.655,0.02,0.02
30.04.2021 08:26:13.621 GMT+0100,3294.181,3287.573,0.02,0.02
30.04.2021 08:26:32.915 GMT+0100,3294.263,3288.532,0.02,0.0075
30.04.2021 08:26:35.109 GMT+0100,3294.5090000000005,3287.778,0.02,0.02
30.04.2021 08:26:39.762 GMT+0100,3294.181,3288.4500000000003,0.02,0.0075
30.04.2021 08:26:42.092 GMT+0100,3293.5090000000005,3288.696,0.0075,0.02
30.04.2021 08:26:43.520 GMT+0100,3292.263,3288.655,0.0075,0.02
30.04.2021 08:27:03.160 GMT+0100,3292.222,3286.491,0.02,0.02
30.04.2021 08:27:03.870 GMT+0100,3291.222,3285.655,0.02,0.02
30.04.2021 08:27:07.950 GMT+0100,3290.181,3285.4500000000003,0.02,0.02
30.04.2021 08:27:17.067 GMT+0100,3290.222,3286.573,0.02,0.0075
30.04.2021 08:27:41.976 GMT+0100,3290.55,3285.8190000000004,0.02,0.02
30.04.2021 08:27:42.027 GMT+0100,3290.427,3286.778,0.02,0.02
30.04.2021 08:27:42.776 GMT+0100,3290.304,3285.778,0.02,0.02
30.04.2021 08:27:51.034 GMT+0100,3290.181,3286.8190000000004,0.02,0.0075
30.04.2021 08:27:52.749 GMT+0100,3290.304,3287.532,0.02,0.02
30.04.2021 08:28:06.960 GMT+0100,3290.222,3288.532,0.0075,0.0075
30.04.2021 08:28:07.010 GMT+0100,3293.55,3288.9990000000003,0.02,0.02
30.04.2021 08:28:07.061 GMT+0100,3291.304,3287.655,0.02,0.02
30.04.2021 08:28:07.111 GMT+0100,3293.427,3287.737,0.02,0.02
30.04.2021 08:28:12.191 GMT+0100,3291.468,3287.573,0.0075,0.02
30.04.2021 08:28:37.283 GMT+0100,3291.222,3285.778,0.02,0.02
30.04.2021 08:28:39.264 GMT+0100,3291.386,3284.737,0.02,0.02
30.04.2021 08:28:40.412 GMT+0100,3289.0009999999997,3284.532,0.0075,0.02
30.04.2021 08:28:40.566 GMT+0100,3289.427,3283.655,0.02,0.02
30.04.2021 08:28:41.773 GMT+0100,3290.5090000000005,3283.4500000000003,0.02,0.02
30.04.2021 08:28:43.934 GMT+0100,3289.386,3283.778,0.0075,0.02
30.04.2021 08:28:48.965 GMT+0100,3287.304,3283.491,0.02,0.02
30.04.2021 08:29:01.137 GMT+0100,3287.427,3282.696,0.02,0.02
30.04.2021 08:29:07.389 GMT+0100,3287.263,3281.8190000000004,0.02,0.02
30.04.2021 08:29:07.440 GMT+0100,3287.0009999999997,3280.655,0.02,0.02
30.04.2021 08:29:07.490 GMT+0100,3287.0009999999997,3281.4500000000003,0.02,0.02
30.04.2021 08:29:07.925 GMT+0100,3287.0009999999997,3280.491,0.02,0.02
30.04.2021 08:29:07.975 GMT+0100,3287.181,3281.4500000000003,0.02,0.02
30.04.2021 08:29:08.103 GMT+0100,3287.304,3280.4500000000003,0.02,0.02
30.04.2021 08:29:08.229 GMT+0100,3287.386,3281.655,0.02,0.0075
30.04.2021 08:30:30.845 GMT+0100,3287.5090000000005,3283.573,0.0075,0.0075
30.04.2021 08:30:30.896 GMT+0100,3289.427,3283.737,0.02,0.02
30.04.2021 08:30:30.946 GMT+0100,3288.427,3282.491,0.02,0.02
30.04.2021 08:30:49.475 GMT+0100,3287.5090000000005,3282.6140000000005,0.02,0.02
30.04.2021 08:30:49.632 GMT+0100,3286.263,3282.9990000000003,0.02,0.02
30.04.2021 08:30:51.915 GMT+0100,3286.304,3281.4500000000003,0.02,0.02
30.04.2021 08:31:30.657 GMT+0100,3286.427,3282.696,0.02,0.02
30.04.2021 08:31:30.913 GMT+0100,3286.263,3283.573,0.0075,0.0075
30.04.2021 08:31:30.963 GMT+0100,3288.0009999999997,3283.6140000000005,0.02,0.02
30.04.2021 08:31:31.065 GMT+0100,3289.386,3283.491,0.02,0.02
30.04.2021 08:31:31.126 GMT+0100,3288.0009999999997,3283.532,0.0075,0.02
30.04.2021 08:31:31.227 GMT+0100,3289.181,3282.655,0.02,0.02
30.04.2021 08:31:31.318 GMT+0100,3288.222,3282.8190000000004,0.02,0.02
30.04.2021 08:31:31.409 GMT+0100,3289.3450000000003,3282.655,0.02,0.02
30.04.2021 08:31:32.517 GMT+0100,3288.386,3282.737,0.0075,0.02
30.04.2021 08:31:45.254 GMT+0100,3288.386,3283.9990000000003,0.02,0.02
30.04.2021 08:32:06.169 GMT+0100,3287.304,3283.8190000000004,0.0075,0.02
30.04.2021 08:32:12.965 GMT+0100,3287.386,3282.4500000000003,0.02,0.02
30.04.2021 08:32:13.437 GMT+0100,3287.5090000000005,3281.696,0.02,0.02
30.04.2021 08:32:13.520 GMT+0100,3286.222,3281.6140000000005,0.0075,0.02
30.04.2021 08:32:18.275 GMT+0100,3286.5090000000005,3282.737,0.02,0.02
30.04.2021 08:32:19.543 GMT+0100,3286.468,3281.4500000000003,0.02,0.02
30.04.2021 08:32:45.081 GMT+0100,3288.304,3283.573,0.02,0.02
30.04.2021 08:32:45.228 GMT+0100,3287.0009999999997,3283.4500000000003,0.0075,0.02
30.04.2021 08:32:45.501 GMT+0100,3287.263,3282.573,0.02,0.02
30.04.2021 08:32:50.144 GMT+0100,3287.222,3283.737,0.0075,0.0075
30.04.2021 08:32:50.194 GMT+0100,3289.55,3283.737,0.02,0.02
30.04.2021 08:32:50.526 GMT+0100,3288.55,3283.778,0.0075,0.02
30.04.2021 08:32:51.826 GMT+0100,3288.427,3282.573,0.02,0.02
30.04.2021 08:33:11.329 GMT+0100,3288.3450000000003,3283.491,0.02,0.0075
30.04.2021 08:33:20.550 GMT+0100,3288.181,3282.737,0.02,0.02
30.04.2021 08:33:35.563 GMT+0100,3288.304,3283.491,0.02,0.02
30.04.2021 08:33:36.090 GMT+0100,3288.304,3285.696,0.02,0.0075
30.04.2021 08:33:36.141 GMT+0100,3288.0009999999997,3284.6140000000005,0.02,0.02
30.04.2021 08:33:36.568 GMT+0100,3289.0009999999997,3284.6140000000005,0.02,0.02
30.04.2021 08:33:56.854 GMT+0100,3288.3450000000003,3284.491,0.02,0.02
30.04.2021 08:34:01.927 GMT+0100,3287.0009999999997,3282.6140000000005,0.02,0.02
30.04.2021 08:34:09.747 GMT+0100,3287.304,3283.532,0.02,0.0075
30.04.2021 08:34:18.216 GMT+0100,3287.222,3282.573,0.02,0.02
30.04.2021 08:34:20.257 GMT+0100,3289.427,3283.778,0.02,0.02
30.04.2021 08:34:20.307 GMT+0100,3287.3450000000003,3282.6140000000005,0.02,0.02
30.04.2021 08:34:22.976 GMT+0100,3287.3450000000003,3281.6140000000005,0.02,0.02
30.04.2021 08:34:25.323 GMT+0100,3285.3450000000003,3281.491,0.02,0.02
30.04.2021 08:34:26.079 GMT+0100,3285.0009999999997,3280.6140000000005,0.02,0.02
30.04.2021 08:34:26.233 GMT+0100,3284.5090000000005,3278.696,0.02,0.02
30.04.2021 08:34:26.346 GMT+0100,3283.55,3278.6140000000005,0.0075,0.0075
30.04.2021 08:34:26.397 GMT+0100,3283.55,3277.655,0.02,0.02
30.04.2021 08:34:26.738 GMT+0100,3281.386,3277.696,0.0075,0.02
30.04.2021 08:34:30.386 GMT+0100,3281.386,3275.8190000000004,0.02,0.02
30.04.2021 08:34:30.455 GMT+0100,3281.181,3274.4500000000003,0.02,0.02
30.04.2021 08:34:30.505 GMT+0100,3280.304,3274.655,0.02,0.02
30.04.2021 08:34:31.943 GMT+0100,3280.5090000000005,3273.6140000000005,0.02,0.02
30.04.2021 08:34:34.857 GMT+0100,3279.181,3273.491,0.0075,0.02
30.04.2021 08:34:35.424 GMT+0100,3277.222,3273.655,0.0075,0.02
30.04.2021 08:34:45.305 GMT+0100,3278.181,3273.6140000000005,0.02,0.02
30.04.2021 08:34:45.355 GMT+0100,3276.427,3272.655,0.02,0.02
30.04.2021 08:35:01.111 GMT+0100,3276.468,3273.696,0.0075,0.0075
30.04.2021 08:35:01.162 GMT+0100,3278.181,3273.655,0.02,0.02
30.04.2021 08:35:06.228 GMT+0100,3277.386,3273.8190000000004,0.02,0.02
30.04.2021 08:35:15.626 GMT+0100,3277.222,3272.573,0.02,0.02
30.04.2021 08:35:16.300 GMT+0100,3277.55,3273.696,0.02,0.0075
30.04.2021 08:35:25.547 GMT+0100,3279.263,3273.532,0.02,0.02
30.04.2021 08:35:26.820 GMT+0100,3278.304,3273.4500000000003,0.0075,0.02
30.04.2021 08:35:26.870 GMT+0100,3278.468,3272.491,0.02,0.02
30.04.2021 08:35:40.989 GMT+0100,3279.55,3272.6140000000005,0.02,0.02
30.04.2021 08:35:41.205 GMT+0100,3278.468,3272.696,0.0075,0.02
30.04.2021 08:36:10.976 GMT+0100,3279.304,3272.573,0.02,0.02
30.04.2021 08:36:11.122 GMT+0100,3278.55,3272.6140000000005,0.0075,0.02
30.04.2021 08:36:12.980 GMT+0100,3279.304,3272.491,0.02,0.02
30.04.2021 08:36:14.061 GMT+0100,3278.263,3272.532,0.02,0.02
30.04.2021 08:36:33.543 GMT+0100,3279.181,3272.737,0.02,0.02
30.04.2021 08:36:33.757 GMT+0100,3278.304,3272.6140000000005,0.0075,0.02
30.04.2021 08:37:14.613 GMT+0100,3276.468,3272.737,0.0075,0.0075
30.04.2021 08:37:14.663 GMT+0100,3276.55,3271.491,0.02,0.02
30.04.2021 08:37:14.714 GMT+0100,3278.386,3271.4500000000003,0.02,0.02
30.04.2021 08:37:14.923 GMT+0100,3277.427,3271.532,0.0075,0.02
30.04.2021 08:37:16.202 GMT+0100,3278.222,3271.737,0.02,0.02
30.04.2021 08:37:16.472 GMT+0100,3277.263,3271.696,0.0075,0.02
30.04.2021 08:37:18.465 GMT+0100,3277.5090000000005,3272.8190000000004,0.02,0.0075
30.04.2021 08:37:22.042 GMT+0100,3277.3450000000003,3271.532,0.02,0.02
30.04.2021 08:37:27.032 GMT+0100,3277.3450000000003,3272.778,0.02,0.02
30.04.2021 08:37:30.960 GMT+0100,3277.468,3271.4500000000003,0.02,0.02
30.04.2021 08:37:33.564 GMT+0100,3277.468,3272.491,0.02,0.0075
30.04.2021 08:37:33.982 GMT+0100,3277.5090000000005,3271.573,0.02,0.02
30.04.2021 08:37:41.359 GMT+0100,3277.5090000000005,3272.573,0.02,0.0075
30.04.2021 08:38:02.820 GMT+0100,3277.263,3271.778,0.02,0.02
30.04.2021 08:38:04.509 GMT+0100,3277.0009999999997,3272.778,0.02,0.0075
30.04.2021 08:38:06.670 GMT+0100,3278.55,3272.9990000000003,0.02,0.02
30.04.2021 08:38:09.285 GMT+0100,3277.55,3272.532,0.0075,0.02
30.04.2021 08:38:10.377 GMT+0100,3278.427,3272.8190000000004,0.02,0.02
30.04.2021 08:38:11.680 GMT+0100,3277.55,3272.573,0.0075,0.02
30.04.2021 08:38:25.005 GMT+0100,3277.468,3271.4500000000003,0.02,0.02
30.04.2021 08:38:31.229 GMT+0100,3276.468,3270.778,0.02,0.02
30.04.2021 08:38:39.153 GMT+0100,3275.55,3270.573,0.0075,0.02
30.04.2021 08:38:42.139 GMT+0100,3276.181,3270.532,0.02,0.02
30.04.2021 08:38:55.141 GMT+0100,3276.181,3271.6140000000005,0.02,0.02
30.04.2021 08:38:55.286 GMT+0100,3276.304,3270.573,0.02,0.02
30.04.2021 08:38:56.049 GMT+0100,3276.55,3271.696,0.02,0.0075
30.04.2021 08:39:07.959 GMT+0100,3278.222,3271.8190000000004,0.02,0.02
30.04.2021 08:39:14.028 GMT+0100,3277.0009999999997,3271.6140000000005,0.0075,0.02
30.04.2021 08:39:31.971 GMT+0100,3277.304,3272.573,0.02,0.0075
30.04.2021 08:39:32.072 GMT+0100,3277.427,3273.6140000000005,0.02,0.02
30.04.2021 08:39:33.904 GMT+0100,3277.181,3274.696,0.0075,0.0075
30.04.2021 08:39:33.954 GMT+0100,3279.181,3274.737,0.02,0.02
30.04.2021 08:39:34.005 GMT+0100,3279.3450000000003,3273.9990000000003,0.02,0.02
30.04.2021 08:39:49.696 GMT+0100,3278.181,3273.737,0.0075,0.02
30.04.2021 08:39:50.283 GMT+0100,3279.263,3273.9990000000003,0.02,0.02
30.04.2021 08:40:00.249 GMT+0100,3280.468,3273.696,0.02,0.02
30.04.2021 08:40:00.318 GMT+0100,3279.55,3273.532,0.0075,0.02
30.04.2021 08:40:05.649 GMT+0100,3278.263,3273.8190000000004,0.0075,0.02
30.04.2021 08:40:27.101 GMT+0100,3278.222,3274.655,0.02,0.0075
30.04.2021 08:40:54.934 GMT+0100,3279.3450000000003,3274.4500000000003,0.02,0.02
30.04.2021 08:41:03.053 GMT+0100,3278.55,3274.696,0.0075,0.02
30.04.2021 08:44:12.161 GMT+0100,3278.3450000000003,3273.9990000000003,0.01,0.01
30.04.2021 08:44:12.262 GMT+0100,3278.386,3274.737,0.02,0.02
30.04.2021 08:44:16.275 GMT+0100,3277.222,3272.737,0.02,0.02
30.04.2021 08:44:16.436 GMT+0100,3275.427,3272.9990000000003,0.0075,0.0075
30.04.2021 08:44:16.486 GMT+0100,3275.5090000000005,3271.8190000000004,0.02,0.02
30.04.2021 08:44:19.836 GMT+0100,3275.5090000000005,3270.655,0.02,0.02
30.04.2021 08:44:19.886 GMT+0100,3274.181,3271.8190000000004,0.02,0.02
30.04.2021 08:44:21.445 GMT+0100,3274.181,3270.532,0.02,0.02
30.04.2021 08:44:22.739 GMT+0100,3273.427,3270.491,0.02,0.02
30.04.2021 08:45:10.351 GMT+0100,3272.3450000000003,3270.532,0.0075,0.0075
30.04.2021 08:45:10.402 GMT+0100,3272.386,3269.778,0.02,0.02
30.04.2021 08:45:10.452 GMT+0100,3271.427,3269.6140000000005,0.02,0.02
30.04.2021 08:45:10.647 GMT+0100,3271.181,3267.573,0.02,0.02
30.04.2021 08:45:11.125 GMT+0100,3271.304,3268.655,0.02,0.02
30.04.2021 08:45:11.175 GMT+0100,3271.386,3267.8190000000004,0.02,0.02
30.04.2021 08:45:21.097 GMT+0100,3271.222,3268.4500000000003,0.02,0.0075
30.04.2021 08:45:26.304 GMT+0100,3271.222,3267.737,0.02,0.02
30.04.2021 08:46:30.148 GMT+0100,3270.55,3267.4500000000003,0.0075,0.02
30.04.2021 08:46:30.248 GMT+0100,3269.5090000000005,3265.573,0.02,0.02
30.04.2021 08:46:30.463 GMT+0100,3268.263,3265.9990000000003,0.02,0.02
30.04.2021 08:46:30.514 GMT+0100,3269.55,3265.491,0.02,0.02
30.04.2021 08:46:30.564 GMT+0100,3268.304,3265.491,0.02,0.02
30.04.2021 08:47:08.554 GMT+0100,3268.5090000000005,3266.573,0.0075,0.0075
30.04.2021 08:47:08.604 GMT+0100,3271.0009999999997,3266.6140000000005,0.02,0.02
30.04.2021 08:47:08.655 GMT+0100,3272.222,3268.4500000000003,0.02,0.02
30.04.2021 08:47:08.857 GMT+0100,3272.304,3267.778,0.02,0.02
30.04.2021 08:47:11.838 GMT+0100,3273.304,3267.737,0.02,0.02
30.04.2021 08:47:13.610 GMT+0100,3272.3450000000003,3267.4500000000003,0.0075,0.02
30.04.2021 08:47:13.660 GMT+0100,3272.468,3266.696,0.02,0.02
30.04.2021 08:47:20.475 GMT+0100,3270.181,3266.696,0.0075,0.02
30.04.2021 08:47:20.526 GMT+0100,3270.222,3265.778,0.02,0.02
30.04.2021 08:47:20.723 GMT+0100,3271.55,3265.573,0.02,0.02
30.04.2021 08:47:28.712 GMT+0100,3271.304,3266.696,0.02,0.02
30.04.2021 08:47:28.763 GMT+0100,3272.3450000000003,3266.655,0.02,0.02
30.04.2021 08:47:28.813 GMT+0100,3271.3450000000003,3266.491,0.02,0.02
30.04.2021 08:47:32.274 GMT+0100,3271.304,3265.4500000000003,0.02,0.02
30.04.2021 08:47:35.203 GMT+0100,3271.5090000000005,3266.737,0.02,0.0075
30.04.2021 08:47:40.849 GMT+0100,3271.263,3265.6140000000005,0.02,0.02
30.04.2021 08:47:49.824 GMT+0100,3271.263,3266.778,0.02,0.0075
30.04.2021 08:47:56.119 GMT+0100,3271.3450000000003,3265.6140000000005,0.02,0.02
30.04.2021 08:47:58.159 GMT+0100,3271.181,3266.696,0.02,0.0075
30.04.2021 08:48:01.856 GMT+0100,3269.5090000000005,3265.778,0.02,0.02
30.04.2021 08:48:01.963 GMT+0100,3271.427,3265.4500000000003,0.02,0.02
30.04.2021 08:48:02.014 GMT+0100,3270.0009999999997,3265.8190000000004,0.02,0.02
30.04.2021 08:48:40.511 GMT+0100,3270.5090000000005,3266.6140000000005,0.0075,0.0075
30.04.2021 08:48:40.561 GMT+0100,3271.304,3266.8190000000004,0.02,0.02
30.04.2021 08:48:50.905 GMT+0100,3271.181,3267.9990000000003,0.0075,0.0075
30.04.2021 08:48:50.956 GMT+0100,3272.468,3267.655,0.02,0.02
30.04.2021 08:48:51.071 GMT+0100,3272.5090000000005,3266.4500000000003,0.02,0.02
30.04.2021 08:48:55.300 GMT+0100,3271.427,3266.778,0.0075,0.02
30.04.2021 08:49:00.467 GMT+0100,3271.5090000000005,3265.737,0.02,0.02
30.04.2021 08:49:08.203 GMT+0100,3271.427,3266.6140000000005,0.02,0.02
30.04.2021 08:49:08.254 GMT+0100,3272.386,3266.696,0.02,0.02
30.04.2021 08:49:11.696 GMT+0100,3271.222,3266.9990000000003,0.02,0.02
30.04.2021 08:49:11.746 GMT+0100,3271.468,3265.8190000000004,0.02,0.02
30.04.2021 08:49:12.905 GMT+0100,3271.3450000000003,3266.737,0.02,0.02
30.04.2021 08:49:13.272 GMT+0100,3271.427,3267.491,0.0075,0.0075
30.04.2021 08:49:13.322 GMT+0100,3272.222,3267.6140000000005,0.02,0.02
30.04.2021 08:49:13.582 GMT+0100,3272.0009999999997,3266.573,0.02,0.02
30.04.2021 08:49:45.574 GMT+0100,3272.55,3267.6140000000005,0.02,0.0075
30.04.2021 08:49:45.853 GMT+0100,3272.55,3268.573,0.0075,0.0075
30.04.2021 08:49:45.904 GMT+0100,3273.386,3268.532,0.02,0.02
30.04.2021 08:49:47.160 GMT+0100,3274.427,3268.4500000000003,0.02,0.02
30.04.2021 08:49:47.525 GMT+0100,3273.222,3268.491,0.0075,0.02
30.04.2021 08:49:48.436 GMT+0100,3273.0009999999997,3270.573,0.02,0.0075
30.04.2021 08:50:20.562 GMT+0100,3274.0009999999997,3270.9990000000003,0.02,0.02
30.04.2021 08:50:28.540 GMT+0100,3273.0009999999997,3270.655,0.0075,0.02
30.04.2021 08:52:32.750 GMT+0100,3272.304,3268.573,0.02,0.02
30.04.2021 08:52:33.478 GMT+0100,3273.55,3268.696,0.02,0.02
30.04.2021 08:52:33.880 GMT+0100,3273.55,3267.532,0.02,0.02
30.04.2021 08:52:35.963 GMT+0100,3273.181,3268.696,0.02,0.0075
30.04.2021 08:52:36.544 GMT+0100,3273.427,3267.778,0.02,0.02
30.04.2021 08:52:45.121 GMT+0100,3273.304,3268.4500000000003,0.02,0.02
30.04.2021 08:52:45.581 GMT+0100,3274.427,3268.491,0.02,0.02
30.04.2021 08:52:45.920 GMT+0100,3273.181,3268.696,0.02,0.02
30.04.2021 08:52:48.707 GMT+0100,3273.386,3269.573,0.02,0.02
30.04.2021 08:52:50.126 GMT+0100,3274.0009999999997,3269.9990000000003,0.02,0.02
30.04.2021 08:52:50.441 GMT+0100,3273.0009999999997,3269.9990000000003,0.0075,0.02
30.04.2021 08:52:50.492 GMT+0100,3274.304,3269.655,0.02,0.02
30.04.2021 08:52:50.901 GMT+0100,3273.304,3269.778,0.0075,0.02
30.04.2021 08:53:20.691 GMT+0100,3274.304,3269.737,0.02,0.02
30.04.2021 08:53:21.525 GMT+0100,3273.386,3269.8190000000004,0.0075,0.02
30.04.2021 08:53:42.561 GMT+0100,3275.304,3271.491,0.02,0.02
30.04.2021 08:53:42.611 GMT+0100,3275.222,3270.491,0.02,0.02
30.04.2021 08:53:42.963 GMT+0100,3274.5090000000005,3269.4500000000003,0.02,0.02
30.04.2021 08:53:57.636 GMT+0100,3273.3450000000003,3269.491,0.02,0.02
30.04.2021 08:54:11.970 GMT+0100,3272.181,3269.655,0.02,0.02
30.04.2021 08:55:04.301 GMT+0100,3272.304,3266.6140000000005,0.02,0.02
30.04.2021 08:55:04.352 GMT+0100,3271.222,3266.696,0.02,0.02
30.04.2021 08:55:04.402 GMT+0100,3272.468,3266.655,0.02,0.02
30.04.2021 08:55:04.452 GMT+0100,3271.263,3266.573,0.02,0.02
30.04.2021 08:55:47.512 GMT+0100,3271.468,3265.573,0.02,0.02
30.04.2021 08:55:47.645 GMT+0100,3270.263,3265.6140000000005,0.0075,0.02
30.04.2021 08:55:53.847 GMT+0100,3269.386,3265.655,0.0075,0.02
30.04.2021 08:55:54.074 GMT+0100,3270.263,3265.655,0.02,0.02
30.04.2021 08:56:07.840 GMT+0100,3268.386,3265.737,0.0075,0.02
30.04.2021 08:56:07.941 GMT+0100,3269.427,3265.491,0.02,0.02
30.04.2021 08:56:08.041 GMT+0100,3270.5090000000005,3265.696,0.02,0.02
30.04.2021 08:56:18.066 GMT+0100,3270.263,3266.4500000000003,0.02,0.0075
30.04.2021 08:56:40.637 GMT+0100,3270.222,3267.491,0.02,0.0075
30.04.2021 08:56:40.738 GMT+0100,3270.427,3266.9990000000003,0.02,0.02
30.04.2021 08:56:41.510 GMT+0100,3272.468,3266.532,0.02,0.02
30.04.2021 08:57:06.970 GMT+0100,3272.222,3267.9990000000003,0.02,0.0075
30.04.2021 08:57:08.098 GMT+0100,3272.468,3268.655,0.02,0.0075
30.04.2021 08:57:25.543 GMT+0100,3273.468,3268.573,0.02,0.02
30.04.2021 08:58:34.024 GMT+0100,3273.468,3269.655,0.02,0.0075
30.04.2021 08:58:34.074 GMT+0100,3273.386,3268.573,0.02,0.02
30.04.2021 08:58:54.499 GMT+0100,3271.3450000000003,3268.696,0.0075,0.0075
30.04.2021 08:58:54.550 GMT+0100,3271.222,3265.491,0.02,0.02
30.04.2021 08:58:58.539 GMT+0100,3270.222,3265.655,0.0075,0.02
30.04.2021 08:59:24.841 GMT+0100,3269.386,3265.6140000000005,0.0075,0.0075
30.04.2021 08:59:28.870 GMT+0100,3269.427,3264.778,0.02,0.02
30.04.2021 08:59:29.870 GMT+0100,3270.55,3264.4500000000003,0.02,0.02
30.04.2021 08:59:32.240 GMT+0100,3269.468,3264.6140000000005,0.0075,0.02
30.04.2021 08:59:50.079 GMT+0100,3270.427,3265.9990000000003,0.02,0.02
30.04.2021 08:59:50.186 GMT+0100,3270.55,3264.532,0.02,0.02
30.04.2021 08:59:51.126 GMT+0100,3270.427,3265.6140000000005,0.02,0.02
30.04.2021 08:59:51.322 GMT+0100,3270.222,3264.696,0.02,0.02
30.04.2021 09:00:00.852 GMT+0100,3270.181,3265.491,0.02,0.0075
30.04.2021 09:00:01.091 GMT+0100,3271.181,3265.655,0.02,0.02
30.04.2021 09:00:01.530 GMT+0100,3270.55,3265.8190000000004,0.02,0.02
30.04.2021 09:00:01.581 GMT+0100,3271.263,3265.737,0.02,0.02
30.04.2021 09:00:01.781 GMT+0100,3270.263,3265.6140000000005,0.02,0.02
30.04.2021 09:00:51.424 GMT+0100,3270.55,3266.9990000000003,0.02,0.02
30.04.2021 09:00:51.574 GMT+0100,3270.181,3265.778,0.02,0.02
30.04.2021 09:01:15.232 GMT+0100,3270.222,3266.737,0.02,0.0075
30.04.2021 09:01:28.591 GMT+0100,3269.386,3266.6140000000005,0.0075,0.02
30.04.2021 09:01:53.256 GMT+0100,3269.55,3264.8190000000004,0.02,0.02
30.04.2021 09:01:53.780 GMT+0100,3268.386,3264.655,0.02,0.02
30.04.2021 09:02:01.413 GMT+0100,3271.0009999999997,3266.655,0.02,0.02
30.04.2021 09:02:01.484 GMT+0100,3271.222,3268.696,0.0075,0.0075
30.04.2021 09:02:01.535 GMT+0100,3272.468,3268.491,0.02,0.02
30.04.2021 09:02:01.620 GMT+0100,3271.5090000000005,3268.8190000000004,0.0075,0.0075
30.04.2021 09:02:01.671 GMT+0100,3271.222,3266.655,0.02,0.02
30.04.2021 09:02:01.891 GMT+0100,3270.263,3266.8190000000004,0.0075,0.0075
30.04.2021 09:02:01.942 GMT+0100,3270.468,3265.4500000000003,0.02,0.02
30.04.2021 09:02:02.618 GMT+0100,3270.468,3264.9990000000003,0.02,0.02
30.04.2021 09:02:02.841 GMT+0100,3270.55,3265.532,0.02,0.0075
30.04.2021 09:02:03.149 GMT+0100,3269.55,3264.573,0.02,0.02
30.04.2021 09:02:04.248 GMT+0100,3269.468,3265.532,0.02,0.02
30.04.2021 09:02:04.299 GMT+0100,3269.181,3264.573,0.02,0.02
30.04.2021 09:02:05.348 GMT+0100,3269.427,3265.532,0.0075,0.0075
30.04.2021 09:02:05.399 GMT+0100,3270.5090000000005,3265.6140000000005,0.02,0.02
30.04.2021 09:02:10.105 GMT+0100,3270.427,3266.6140000000005,0.0075,0.0075
30.04.2021 09:02:10.155 GMT+0100,3271.222,3266.655,0.02,0.02
30.04.2021 09:02:10.386 GMT+0100,3271.3450000000003,3265.573,0.02,0.02
30.04.2021 09:02:20.357 GMT+0100,3269.3450000000003,3265.573,0.0075,0.0075
30.04.2021 09:02:20.407 GMT+0100,3269.222,3264.9990000000003,0.02,0.02
30.04.2021 09:02:29.658 GMT+0100,3268.263,3264.491,0.0075,0.02
30.04.2021 09:02:32.608 GMT+0100,3268.386,3263.6140000000005,0.02,0.02
30.04.2021 09:02:39.437 GMT+0100,3267.263,3263.573,0.0075,0.02
30.04.2021 09:02:39.541 GMT+0100,3268.3450000000003,3264.6140000000005,0.02,0.02
30.04.2021 09:02:41.445 GMT+0100,3269.468,3264.491,0.02,0.02
30.04.2021 09:02:44.792 GMT+0100,3269.468,3263.6140000000005,0.02,0.02
30.04.2021 09:02:45.879 GMT+0100,3269.181,3265.4500000000003,0.0075,0.0075
30.04.2021 09:02:45.930 GMT+0100,3270.0009999999997,3265.8190000000004,0.02,0.02
30.04.2021 09:02:46.030 GMT+0100,3269.181,3264.491,0.02,0.02
30.04.2021 09:02:46.081 GMT+0100,3270.222,3264.491,0.02,0.02
30.04.2021 09:02:46.131 GMT+0100,3270.0009999999997,3265.655,0.02,0.02
30.04.2021 09:02:46.265 GMT+0100,3270.55,3264.655,0.02,0.02
30.04.2021 09:02:46.366 GMT+0100,3270.222,3265.655,0.02,0.02
30.04.2021 09:02:46.470 GMT+0100,3270.386,3264.655,0.02,0.02
30.04.2021 09:02:46.521 GMT+0100,3270.0009999999997,3265.532,0.02,0.02
30.04.2021 09:02:46.621 GMT+0100,3270.5090000000005,3264.655,0.02,0.02
30.04.2021 09:02:46.810 GMT+0100,3270.55,3265.655,0.02,0.0075
30.04.2021 09:02:46.911 GMT+0100,3270.468,3264.737,0.02,0.02
30.04.2021 09:02:47.275 GMT+0100,3269.386,3264.8190000000004,0.0075,0.02
30.04.2021 09:02:53.545 GMT+0100,3270.222,3264.655,0.02,0.02
30.04.2021 09:02:59.024 GMT+0100,3269.304,3264.655,0.0075,0.02
30.04.2021 09:03:01.241 GMT+0100,3267.0009999999997,3264.6140000000005,0.0075,0.0075
30.04.2021 09:03:01.292 GMT+0100,3267.468,3263.737,0.02,0.02
30.04.2021 09:03:07.455 GMT+0100,3270.427,3265.532,0.02,0.02
30.04.2021 09:03:07.755 GMT+0100,3269.263,3263.655,0.02,0.02
30.04.2021 09:03:10.277 GMT+0100,3270.386,3264.573,0.02,0.02
30.04.2021 09:03:10.581 GMT+0100,3268.222,3263.532,0.02,0.02
30.04.2021 09:03:12.235 GMT+0100,3267.5090000000005,3263.532,0.0075,0.02
30.04.2021 09:03:13.371 GMT+0100,3268.55,3263.4500000000003,0.02,0.02
30.04.2021 09:03:14.965 GMT+0100,3267.181,3263.4500000000003,0.0075,0.02
30.04.2021 09:03:15.909 GMT+0100,3266.304,3263.8190000000004,0.0075,0.02
30.04.2021 09:03:16.943 GMT+0100,3268.55,3263.655,0.02,0.02
30.04.2021 09:03:16.993 GMT+0100,3269.181,3264.9990000000003,0.02,0.02
30.04.2021 09:03:17.043 GMT+0100,3269.222,3263.696,0.02,0.02
30.04.2021 09:03:17.093 GMT+0100,3268.304,3263.4500000000003,0.02,0.02
30.04.2021 09:03:19.470 GMT+0100,3269.181,3263.8190000000004,0.02,0.02
30.04.2021 09:03:19.859 GMT+0100,3268.263,3263.491,0.02,0.02
30.04.2021 09:03:21.436 GMT+0100,3269.386,3264.655,0.02,0.02
30.04.2021 09:03:25.939 GMT+0100,3268.263,3264.737,0.02,0.02
30.04.2021 09:03:37.800 GMT+0100,3268.427,3263.491,0.02,0.02
30.04.2021 09:03:41.870 GMT+0100,3268.468,3262.8190000000004,0.02,0.02
30.04.2021 09:03:43.659 GMT+0100,3268.468,3264.532,0.02,0.02
30.04.2021 09:03:46.927 GMT+0100,3268.181,3263.491,0.02,0.02
30.04.2021 09:03:49.024 GMT+0100,3267.3450000000003,3263.737,0.0075,0.0075
30.04.2021 09:03:49.075 GMT+0100,3267.55,3262.6140000000005,0.02,0.02
30.04.2021 09:03:51.172 GMT+0100,3266.55,3262.696,0.0075,0.02
30.04.2021 09:03:51.272 GMT+0100,3267.468,3262.491,0.02,0.02
30.04.2021 09:03:53.919 GMT+0100,3266.304,3262.737,0.0075,0.0075
30.04.2021 09:03:53.969 GMT+0100,3265.386,3260.491,0.02,0.02
30.04.2021 09:03:56.913 GMT+0100,3265.386,3261.778,0.02,0.0075
30.04.2021 09:03:57.270 GMT+0100,3266.222,3261.532,0.02,0.02
30.04.2021 09:04:05.398 GMT+0100,3266.55,3262.532,0.02,0.0075
30.04.2021 09:04:05.498 GMT+0100,3267.181,3262.491,0.02,0.02
30.04.2021 09:04:10.588 GMT+0100,3265.5090000000005,3262.737,0.0075,0.02
30.04.2021 09:04:10.689 GMT+0100,3266.427,3262.778,0.02,0.02
30.04.2021 09:04:13.314 GMT+0100,3266.3450000000003,3261.6140000000005,0.02,0.02
30.04.2021 09:04:17.691 GMT+0100,3266.3450000000003,3262.696,0.02,0.0075
30.04.2021 09:04:18.200 GMT+0100,3265.222,3262.532,0.0075,0.0075
30.04.2021 09:04:18.250 GMT+0100,3265.3450000000003,3260.8190000000004,0.02,0.02
30.04.2021 09:04:20.175 GMT+0100,3264.386,3260.4500000000003,0.0075,0.02
30.04.2021 09:04:22.701 GMT+0100,3264.468,3259.491,0.02,0.02
30.04.2021 09:04:24.249 GMT+0100,3264.263,3260.8190000000004,0.02,0.0075
30.04.2021 09:04:26.816 GMT+0100,3264.222,3261.696,0.02,0.02
30.04.2021 09:04:26.938 GMT+0100,3264.468,3260.573,0.02,0.02
30.04.2021 09:04:27.041 GMT+0100,3264.386,3259.778,0.02,0.02
30.04.2021 09:04:27.482 GMT+0100,3263.468,3259.8190000000004,0.0075,0.02
30.04.2021 09:04:28.069 GMT+0100,3263.263,3260.696,0.02,0.02
30.04.2021 09:04:30.825 GMT+0100,3263.3450000000003,3258.573,0.02,0.02
30.04.2021 09:04:30.875 GMT+0100,3262.55,3258.573,0.02,0.02
30.04.2021 09:04:30.976 GMT+0100,3263.222,3258.4500000000003,0.02,0.02
30.04.2021 09:04:32.929 GMT+0100,3263.386,3259.737,0.02,0.02
30.04.2021 09:04:33.079 GMT+0100,3263.222,3258.491,0.02,0.02
30.04.2021 09:04:33.826 GMT+0100,3263.263,3259.532,0.02,0.0075
30.04.2021 09:04:34.160 GMT+0100,3262.427,3259.532,0.0075,0.0075
30.04.2021 09:04:34.210 GMT+0100,3262.3450000000003,3258.6140000000005,0.02,0.02
30.04.2021 09:04:34.311 GMT+0100,3263.55,3258.573,0.02,0.02
30.04.2021 09:04:35.032 GMT+0100,3263.386,3259.573,0.02,0.0075
30.04.2021 09:04:38.162 GMT+0100,3263.386,3260.491,0.02,0.02
30.04.2021 09:04:38.314 GMT+0100,3262.55,3259.655,0.02,0.02
30.04.2021 09:04:45.270 GMT+0100,3262.222,3258.4500000000003,0.02,0.02
30.04.2021 09:04:48.349 GMT+0100,3262.468,3260.696,0.0075,0.0075
30.04.2021 09:04:48.400 GMT+0100,3263.386,3259.491,0.02,0.02
30.04.2021 09:04:51.654 GMT+0100,3262.55,3259.6140000000005,0.0075,0.02
30.04.2021 09:04:51.755 GMT+0100,3263.386,3259.573,0.02,0.02
30.04.2021 09:04:53.363 GMT+0100,3262.5090000000005,3259.737,0.0075,0.02
30.04.2021 09:04:53.735 GMT+0100,3261.468,3259.737,0.0075,0.02
30.04.2021 09:04:55.687 GMT+0100,3261.468,3258.655,0.02,0.02
30.04.2021 09:04:57.484 GMT+0100,3261.304,3257.737,0.02,0.02
30.04.2021 09:04:59.021 GMT+0100,3260.181,3257.8190000000004,0.02,0.02
30.04.2021 09:04:59.274 GMT+0100,3261.263,3257.8190000000004,0.02,0.02
30.04.2021 09:05:08.201 GMT+0100,3260.55,3257.778,0.0075,0.02
30.04.2021 09:05:13.300 GMT+0100,3259.263,3257.737,0.0075,0.0075
30.04.2021 09:05:13.351 GMT+0100,3259.3450000000003,3255.8190000000004,0.02,0.02
30.04.2021 09:05:13.468 GMT+0100,3260.55,3255.778,0.02,0.02
30.04.2021 09:05:13.518 GMT+0100,3260.0009999999997,3256.696,0.02,0.02
30.04.2021 09:05:13.568 GMT+0100,3260.386,3255.532,0.02,0.02
30.04.2021 09:05:16.564 GMT+0100,3260.427,3256.4500000000003,0.02,0.02
30.04.2021 09:05:18.936 GMT+0100,3259.181,3256.8190000000004,0.0075,0.02
30.04.2021 09:05:19.036 GMT+0100,3260.386,3256.6140000000005,0.02,0.02
30.04.2021 09:05:37.029 GMT+0100,3260.386,3257.8190000000004,0.0075,0.0075
30.04.2021 09:05:37.079 GMT+0100,3261.5090000000005,3255.491,0.02,0.02
30.04.2021 09:05:37.130 GMT+0100,3259.386,3254.573,0.02,0.02
30.04.2021 09:05:46.374 GMT+0100,3259.55,3255.4500000000003,0.02,0.0075
30.04.2021 09:06:00.025 GMT+0100,3259.222,3254.4500000000003,0.02,0.02
30.04.2021 09:07:09.519 GMT+0100,3259.181,3255.532,0.02,0.0075
30.04.2021 09:07:09.620 GMT+0100,3258.386,3255.8190000000004,0.02,0.02
30.04.2021 09:07:13.559 GMT+0100,3258.181,3254.9990000000003,0.02,0.02
30.04.2021 09:07:24.620 GMT+0100,3258.222,3255.4500000000003,0.0075,0.0075
30.04.2021 09:07:24.671 GMT+0100,3259.181,3255.532,0.02,0.02
30.04.2021 09:07:26.715 GMT+0100,3259.386,3254.655,0.02,0.02
30.04.2021 09:07:29.743 GMT+0100,3259.55,3255.491,0.02,0.0075
30.04.2021 09:07:33.434 GMT+0100,3259.181,3254.8190000000004,0.02,0.02
30.04.2021 09:07:45.012 GMT+0100,3259.222,3255.696,0.02,0.0075
30.04.2021 09:07:56.311 GMT+0100,3258.427,3255.8190000000004,0.0075,0.0075
30.04.2021 09:07:56.362 GMT+0100,3257.181,3253.655,0.02,0.02
30.04.2021 09:07:56.964 GMT+0100,3255.3450000000003,3253.778,0.0075,0.02
30.04.2021 09:07:58.902 GMT+0100,3255.427,3251.573,0.02,0.02
30.04.2021 09:07:58.953 GMT+0100,3254.5090000000005,3251.9990000000003,0.02,0.02
30.04.2021 09:07:59.284 GMT+0100,3254.5090000000005,3252.778,0.02,0.0075
30.04.2021 09:08:00.771 GMT+0100,3255.3450000000003,3253.9990000000003,0.02,0.02
30.04.2021 09:08:03.654 GMT+0100,3255.386,3251.491,0.02,0.02
30.04.2021 09:08:04.330 GMT+0100,3255.222,3253.532,0.02,0.0075
30.04.2021 09:08:04.381 GMT+0100,3258.222,3253.8190000000004,0.02,0.02
30.04.2021 09:08:08.765 GMT+0100,3257.386,3253.6140000000005,0.02,0.02
30.04.2021 09:08:20.215 GMT+0100,3258.3450000000003,3253.491,0.02,0.02
30.04.2021 09:08:20.266 GMT+0100,3259.263,3254.532,0.02,0.02
30.04.2021 09:10:05.986 GMT+0100,3258.304,3254.655,0.02,0.02
30.04.2021 09:10:29.140 GMT+0100,3260.468,3254.4500000000003,0.02,0.02
30.04.2021 09:10:35.519 GMT+0100,3259.427,3254.9990000000003,0.0075,0.02
30.04.2021 09:11:21.493 GMT+0100,3256.386,3254.4500000000003,0.0075,0.0075
30.04.2021 09:11:21.544 GMT+0100,3256.55,3252.573,0.02,0.02
30.04.2021 09:11:22.424 GMT+0100,3255.3450000000003,3252.737,0.0075,0.02
30.04.2021 09:12:01.093 GMT+0100,3254.386,3252.655,0.0075,0.0075
30.04.2021 09:12:01.143 GMT+0100,3253.222,3247.491,0.02,0.02
30.04.2021 09:12:01.766 GMT+0100,3252.5090000000005,3247.696,0.0075,0.02
30.04.2021 09:12:02.355 GMT+0100,3252.304,3249.9990000000003,0.02,0.0075
30.04.2021 09:12:02.456 GMT+0100,3255.304,3250.655,0.02,0.02
30.04.2021 09:12:13.676 GMT+0100,3255.0009999999997,3252.737,0.02,0.0075
30.04.2021 09:12:17.895 GMT+0100,3255.55,3251.573,0.02,0.02
30.04.2021 09:12:21.370 GMT+0100,3255.5090000000005,3249.696,0.02,0.02
30.04.2021 09:12:28.465 GMT+0100,3254.3450000000003,3249.655,0.0075,0.02
30.04.2021 09:12:28.515 GMT+0100,3255.0009999999997,3249.6140000000005,0.02,0.02
30.04.2021 09:12:38.700 GMT+0100,3255.468,3250.9990000000003,0.02,0.02
30.04.2021 09:12:40.755 GMT+0100,3254.181,3250.8190000000004,0.0075,0.02
30.04.2021 09:12:40.965 GMT+0100,3255.386,3250.9990000000003,0.02,0.02
30.04.2021 09:12:41.893 GMT+0100,3254.427,3250.655,0.02,0.02
30.04.2021 09:12:42.639 GMT+0100,3254.3450000000003,3248.491,0.02,0.02
30.04.2021 09:12:42.700 GMT+0100,3253.468,3248.491,0.0075,0.02
30.04.2021 09:12:42.872 GMT+0100,3252.5090000000005,3248.8190000000004,0.0075,0.0075
30.04.2021 09:12:42.923 GMT+0100,3253.0009999999997,3247.737,0.02,0.02
30.04.2021 09:12:44.296 GMT+0100,3252.468,3247.737,0.0075,0.02
30.04.2021 09:12:45.111 GMT+0100,3251.427,3246.491,0.02,0.02
30.04.2021 09:12:55.068 GMT+0100,3251.468,3248.491,0.02,0.0075
30.04.2021 09:13:04.383 GMT+0100,3252.5090000000005,3249.778,0.02,0.02
30.04.2021 09:13:09.628 GMT+0100,3252.0009999999997,3248.696,0.02,0.02
30.04.2021 09:13:09.678 GMT+0100,3251.304,3248.4500000000003,0.02,0.02
30.04.2021 09:13:13.770 GMT+0100,3251.181,3246.778,0.02,0.02
30.04.2021 09:13:36.101 GMT+0100,3250.181,3245.573,0.02,0.02
30.04.2021 09:13:36.291 GMT+0100,3251.55,3245.8190000000004,0.02,0.02
30.04.2021 09:13:37.704 GMT+0100,3251.222,3246.737,0.02,0.0075
30.04.2021 09:13:45.280 GMT+0100,3250.5090000000005,3246.696,0.0075,0.02
30.04.2021 09:13:45.331 GMT+0100,3251.0009999999997,3246.8190000000004,0.02,0.02
30.04.2021 09:13:51.964 GMT+0100,3252.468,3246.9990000000003,0.02,0.02
30.04.2021 09:13:54.445 GMT+0100,3252.0009999999997,3247.4500000000003,0.02,0.0075
30.04.2021 09:13:57.821 GMT+0100,3251.5090000000005,3247.532,0.0075,0.02
30.04.2021 09:14:07.742 GMT+0100,3251.3450000000003,3245.9990000000003,0.02,0.02
30.04.2021 09:14:14.759 GMT+0100,3250.386,3245.696,0.0075,0.02
30.04.2021 09:14:15.799 GMT+0100,3249.5090000000005,3245.573,0.0075,0.02
30.04.2021 09:14:15.900 GMT+0100,3248.181,3245.737,0.02,0.02
30.04.2021 09:14:17.912 GMT+0100,3248.222,3243.6140000000005,0.02,0.02
30.04.2021 09:14:21.677 GMT+0100,3246.386,3243.8190000000004,0.0075,0.0075
30.04.2021 09:14:21.727 GMT+0100,3246.263,3241.8190000000004,0.02,0.02
30.04.2021 09:14:21.778 GMT+0100,3248.0009999999997,3241.532,0.02,0.02
30.04.2021 09:14:22.560 GMT+0100,3248.263,3243.573,0.02,0.02
30.04.2021 09:14:24.420 GMT+0100,3247.5090000000005,3243.655,0.02,0.02
30.04.2021 09:14:27.156 GMT+0100,3249.3450000000003,3243.778,0.02,0.02
30.04.2021 09:14:36.647 GMT+0100,3248.5090000000005,3243.491,0.0075,0.02
30.04.2021 09:14:36.759 GMT+0100,3249.304,3243.532,0.02,0.02
30.04.2021 09:14:40.139 GMT+0100,3247.0009999999997,3243.4500000000003,0.02,0.02
30.04.2021 09:14:40.249 GMT+0100,3249.427,3243.737,0.02,0.02
30.04.2021 09:14:41.641 GMT+0100,3248.0009999999997,3243.532,0.0075,0.02
30.04.2021 09:14:48.284 GMT+0100,3247.304,3243.655,0.0075,0.02
30.04.2021 09:14:59.032 GMT+0100,3246.468,3243.573,0.0075,0.02
30.04.2021 09:14:59.083 GMT+0100,3247.427,3240.696,0.02,0.02
30.04.2021 09:15:01.566 GMT+0100,3246.386,3240.737,0.02,0.02
30.04.2021 09:15:05.641 GMT+0100,3246.263,3241.9990000000003,0.02,0.0075
30.04.2021 09:15:05.742 GMT+0100,3249.5090000000005,3243.532,0.02,0.02
30.04.2021 09:15:06.127 GMT+0100,3249.3450000000003,3242.737,0.02,0.02
30.04.2021 09:15:07.667 GMT+0100,3252.304,3246.696,0.02,0.02
30.04.2021 09:15:07.717 GMT+0100,3252.222,3245.491,0.02,0.02
30.04.2021 09:15:08.621 GMT+0100,3252.222,3246.655,0.02,0.0075
30.04.2021 09:15:11.171 GMT+0100,3252.181,3247.696,0.02,0.0075
30.04.2021 09:15:17.420 GMT+0100,3250.304,3247.655,0.0075,0.02
30.04.2021 09:15:17.521 GMT+0100,3252.386,3247.532,0.02,0.02
30.04.2021 09:15:19.316 GMT+0100,3252.263,3246.532,0.02,0.02
30.04.2021 09:15:19.366 GMT+0100,3251.181,3247.9990000000003,0.02,0.02
30.04.2021 09:15:20.515 GMT+0100,3251.427,3246.9990000000003,0.02,0.02
30.04.2021 09:15:25.071 GMT+0100,3250.181,3243.655,0.02,0.02
30.04.2021 09:15:27.061 GMT+0100,3248.222,3243.8190000000004,0.0075,0.0075
30.04.2021 09:15:27.169 GMT+0100,3248.263,3244.573,0.0075,0.02
30.04.2021 09:15:27.219 GMT+0100,3250.222,3244.491,0.02,0.02
30.04.2021 09:15:27.440 GMT+0100,3248.304,3244.9990000000003,0.0075,0.02
30.04.2021 09:15:27.616 GMT+0100,3250.222,3244.696,0.02,0.02
30.04.2021 09:15:29.851 GMT+0100,3249.3450000000003,3244.737,0.02,0.02
30.04.2021 09:15:37.037 GMT+0100,3249.55,3245.8190000000004,0.0075,0.0075
30.04.2021 09:15:37.087 GMT+0100,3250.55,3245.696,0.02,0.02
30.04.2021 09:15:40.075 GMT+0100,3250.468,3244.696,0.02,0.02
30.04.2021 09:15:40.126 GMT+0100,3250.427,3245.778,0.02,0.02
30.04.2021 09:15:40.880 GMT+0100,3249.55,3245.491,0.0075,0.02
30.04.2021 09:15:42.907 GMT+0100,3249.304,3244.9990000000003,0.02,0.02
30.04.2021 09:15:44.013 GMT+0100,3250.5090000000005,3244.9990000000003,0.02,0.02
30.04.2021 09:15:46.464 GMT+0100,3249.3450000000003,3244.737,0.0075,0.02
30.04.2021 09:15:54.677 GMT+0100,3249.386,3245.6140000000005,0.0075,0.0075
30.04.2021 09:15:54.728 GMT+0100,3250.304,3245.778,0.02,0.02
30.04.2021 09:15:57.470 GMT+0100,3250.304,3246.532,0.0075,0.0075
30.04.2021 09:15:57.520 GMT+0100,3251.0009999999997,3246.655,0.02,0.02
30.04.2021 09:15:59.155 GMT+0100,3251.55,3244.737,0.02,0.02
30.04.2021 09:15:59.206 GMT+0100,3250.222,3246.491,0.02,0.02
30.04.2021 09:16:01.707 GMT+0100,3250.386,3244.8190000000004,0.02,0.02
30.04.2021 09:16:02.856 GMT+0100,3250.304,3245.4500000000003,0.02,0.0075
30.04.2021 09:16:03.636 GMT+0100,3249.55,3245.696,0.0075,0.02
30.04.2021 09:16:03.687 GMT+0100,3249.222,3244.4500000000003,0.02,0.02
30.04.2021 09:16:09.617 GMT+0100,3249.468,3242.491,0.02,0.02
30.04.2021 09:16:09.667 GMT+0100,3247.0009999999997,3242.696,0.02,0.02
30.04.2021 09:16:09.717 GMT+0100,3247.5090000000005,3241.778,0.02,0.02
30.04.2021 09:16:12.026 GMT+0100,3247.0009999999997,3240.532,0.02,0.02
30.04.2021 09:16:14.225 GMT+0100,3247.5090000000005,3242.491,0.02,0.0075
30.04.2021 09:16:16.693 GMT+0100,3248.427,3243.696,0.02,0.02
30.04.2021 09:16:18.632 GMT+0100,3247.55,3243.491,0.0075,0.02
30.04.2021 09:16:18.682 GMT+0100,3248.181,3243.9990000000003,0.02,0.02
30.04.2021 09:16:22.185 GMT+0100,3247.222,3243.6140000000005,0.02,0.02
30.04.2021 09:16:26.916 GMT+0100,3246.304,3243.6140000000005,0.0075,0.0075
30.04.2021 09:16:26.967 GMT+0100,3246.304,3241.491,0.02,0.02
30.04.2021 09:16:31.462 GMT+0100,3247.5090000000005,3241.532,0.02,0.02
30.04.2021 09:16:31.513 GMT+0100,3247.3450000000003,3242.778,0.02,0.02
30.04.2021 09:16:53.957 GMT+0100,3247.222,3244.778,0.0075,0.0075
30.04.2021 09:16:54.007 GMT+0100,3249.3450000000003,3244.696,0.02,0.02
30.04.2021 09:17:11.836 GMT+0100,3249.55,3245.4500000000003,0.02,0.0075
30.04.2021 09:17:11.937 GMT+0100,3248.0009999999997,3245.778,0.02,0.02
30.04.2021 09:23:26.791 GMT+0100,3248.5090000000005,3246.778,0.0075,0.0075
30.04.2021 09:23:26.842 GMT+0100,3249.0009999999997,3246.778,0.02,0.02
30.04.2021 09:24:19.454 GMT+0100,3249.0009999999997,3247.8190000000004,0.02,0.0075
30.04.2021 09:24:26.275 GMT+0100,3251.0009999999997,3247.4500000000003,0.02,0.02
30.04.2021 09:24:32.049 GMT+0100,3250.5090000000005,3247.655,0.0075,0.02
30.04.2021 09:24:42.621 GMT+0100,3252.0009999999997,3248.778,0.02,0.02
30.04.2021 09:24:43.660 GMT+0100,3252.55,3249.491,0.02,0.02
30.04.2021 09:24:43.711 GMT+0100,3252.304,3248.573,0.02,0.02
30.04.2021 09:25:20.238 GMT+0100,3253.55,3248.573,0.02,0.02
30.04.2021 09:25:23.626 GMT+0100,3252.304,3248.778,0.02,0.02
30.04.2021 09:25:28.332 GMT+0100,3253.5090000000005,3248.737,0.02,0.02
30.04.2021 09:25:40.814 GMT+0100,3252.181,3248.696,0.02,0.02
30.04.2021 09:25:56.695 GMT+0100,3253.5090000000005,3248.491,0.02,0.02
30.04.2021 09:25:57.053 GMT+0100,3252.427,3248.491,0.0075,0.02
30.04.2021 09:26:04.820 GMT+0100,3251.468,3248.737,0.0075,0.02
30.04.2021 09:26:14.897 GMT+0100,3252.3450000000003,3248.9990000000003,0.02,0.02
30.04.2021 09:26:25.645 GMT+0100,3251.181,3247.6140000000005,0.02,0.02
30.04.2021 09:26:25.796 GMT+0100,3248.5090000000005,3244.778,0.02,0.02
30.04.2021 09:26:25.846 GMT+0100,3249.5090000000005,3244.6140000000005,0.02,0.02
30.04.2021 09:26:26.264 GMT+0100,3249.468,3245.696,0.02,0.0075
30.04.2021 09:26:31.024 GMT+0100,3249.304,3246.4500000000003,0.02,0.0075
30.04.2021 09:26:31.125 GMT+0100,3251.181,3246.778,0.02,0.02
30.04.2021 09:26:40.654 GMT+0100,3250.5090000000005,3246.573,0.0075,0.02
30.04.2021 09:26:40.884 GMT+0100,3248.304,3246.9990000000003,0.0075,0.0075
30.04.2021 09:26:40.934 GMT+0100,3248.263,3244.696,0.02,0.02
30.04.2021 09:26:41.233 GMT+0100,3248.427,3246.8190000000004,0.0075,0.0075
30.04.2021 09:26:41.283 GMT+0100,3250.0009999999997,3246.655,0.02,0.02
30.04.2021 09:26:41.384 GMT+0100,3250.386,3245.655,0.02,0.02
30.04.2021 09:26:41.531 GMT+0100,3249.468,3245.6140000000005,0.02,0.02
30.04.2021 09:26:41.581 GMT+0100,3249.427,3244.6140000000005,0.02,0.02
30.04.2021 09:26:49.021 GMT+0100,3249.427,3245.6140000000005,0.02,0.0075
30.04.2021 09:26:50.424 GMT+0100,3248.468,3243.655,0.02,0.02
30.04.2021 09:26:50.474 GMT+0100,3246.304,3241.8190000000004,0.02,0.02
30.04.2021 09:26:51.256 GMT+0100,3247.468,3242.696,0.02,0.02
30.04.2021 09:27:16.430 GMT+0100,3247.427,3244.6140000000005,0.0075,0.0075
30.04.2021 09:27:16.481 GMT+0100,3249.222,3244.4500000000003,0.02,0.02
30.04.2021 09:27:46.539 GMT+0100,3247.427,3244.9990000000003,0.0075,0.02
30.04.2021 09:27:50.239 GMT+0100,3249.55,3244.491,0.02,0.02
30.04.2021 09:27:50.290 GMT+0100,3251.427,3247.778,0.02,0.02
30.04.2021 09:27:50.340 GMT+0100,3250.427,3245.655,0.02,0.02
30.04.2021 09:28:02.620 GMT+0100,3251.304,3246.9990000000003,0.02,0.02
30.04.2021 09:28:05.544 GMT+0100,3251.263,3247.737,0.02,0.0075
30.04.2021 09:28:31.007 GMT+0100,3253.263,3249.491,0.02,0.02
30.04.2021 09:28:33.626 GMT+0100,3254.5090000000005,3249.573,0.02,0.02
30.04.2021 09:28:56.922 GMT+0100,3255.3450000000003,3250.737,0.02,0.02
30.04.2021 09:28:57.073 GMT+0100,3254.3450000000003,3250.4500000000003,0.02,0.02
30.04.2021 09:29:04.301 GMT+0100,3256.427,3251.573,0.02,0.02
30.04.2021 09:29:15.275 GMT+0100,3258.181,3254.8190000000004,0.02,0.02
30.04.2021 09:29:15.659 GMT+0100,3259.3450000000003,3255.8190000000004,0.02,0.02
30.04.2021 09:29:25.329 GMT+0100,3260.222,3255.491,0.02,0.02
30.04.2021 09:29:37.700 GMT+0100,3259.222,3255.4500000000003,0.02,0.02
30.04.2021 09:29:45.990 GMT+0100,3260.427,3255.573,0.02,0.02
30.04.2021 09:29:46.044 GMT+0100,3260.427,3256.573,0.0075,0.0075
30.04.2021 09:29:46.094 GMT+0100,3261.181,3256.696,0.02,0.02
30.04.2021 09:29:46.195 GMT+0100,3260.427,3256.4500000000003,0.02,0.02
30.04.2021 09:29:53.081 GMT+0100,3260.0009999999997,3257.9990000000003,0.0075,0.0075
30.04.2021 09:29:53.132 GMT+0100,3261.0009999999997,3257.6140000000005,0.02,0.02
30.04.2021 09:29:56.843 GMT+0100,3262.427,3257.4500000000003,0.02,0.02
30.04.2021 09:29:56.893 GMT+0100,3260.386,3257.655,0.02,0.02
30.04.2021 09:29:56.944 GMT+0100,3261.427,3257.655,0.02,0.02
30.04.2021 09:30:03.209 GMT+0100,3263.3450000000003,3259.8190000000004,0.02,0.02
30.04.2021 09:30:09.810 GMT+0100,3259.55,3255.778,0.02,0.02
30.04.2021 09:30:10.224 GMT+0100,3259.222,3256.737,0.0075,0.0075
30.04.2021 09:30:10.275 GMT+0100,3260.3450000000003,3256.9990000000003,0.02,0.02
30.04.2021 09:30:11.901 GMT+0100,3261.5090000000005,3256.778,0.02,0.02
30.04.2021 09:30:16.097 GMT+0100,3260.0009999999997,3256.8190000000004,0.0075,0.02
30.04.2021 09:30:38.422 GMT+0100,3257.55,3256.532,0.0075,0.0075
30.04.2021 09:30:38.473 GMT+0100,3255.55,3251.737,0.02,0.02
30.04.2021 09:30:46.125 GMT+0100,3257.55,3254.6140000000005,0.02,0.02
30.04.2021 09:30:46.176 GMT+0100,3257.181,3251.573,0.02,0.02
30.04.2021 09:30:46.336 GMT+0100,3258.468,3251.6140000000005,0.02,0.02
30.04.2021 09:30:47.131 GMT+0100,3257.263,3251.778,0.02,0.02
30.04.2021 09:30:47.241 GMT+0100,3257.3450000000003,3252.4500000000003,0.02,0.0075
30.04.2021 09:30:56.020 GMT+0100,3256.304,3252.778,0.0075,0.0075
30.04.2021 09:30:56.071 GMT+0100,3257.55,3252.655,0.02,0.02
30.04.2021 09:31:05.393 GMT+0100,3257.3450000000003,3253.778,0.0075,0.0075
30.04.2021 09:31:05.443 GMT+0100,3258.222,3253.8190000000004,0.02,0.02
30.04.2021 09:31:12.079 GMT+0100,3256.181,3253.491,0.02,0.02
30.04.2021 09:31:27.090 GMT+0100,3257.386,3253.4500000000003,0.02,0.02
30.04.2021 09:31:35.265 GMT+0100,3256.468,3251.696,0.02,0.02
30.04.2021 09:31:35.684 GMT+0100,3255.263,3251.655,0.0075,0.02
30.04.2021 09:31:35.785 GMT+0100,3256.386,3251.4500000000003,0.02,0.02
30.04.2021 09:31:45.521 GMT+0100,3255.55,3251.778,0.0075,0.02
30.04.2021 09:31:50.238 GMT+0100,3254.427,3251.6140000000005,0.02,0.02
30.04.2021 09:31:53.313 GMT+0100,3254.55,3249.8190000000004,0.02,0.02
30.04.2021 09:31:53.672 GMT+0100,3254.55,3251.4500000000003,0.02,0.0075
30.04.2021 09:31:55.947 GMT+0100,3253.0009999999997,3249.8190000000004,0.02,0.02
30.04.2021 09:31:58.328 GMT+0100,3252.304,3249.491,0.0075,0.02
30.04.2021 09:32:10.587 GMT+0100,3252.5090000000005,3250.9990000000003,0.0075,0.0075
30.04.2021 09:32:10.637 GMT+0100,3259.181,3253.573,0.02,0.02
30.04.2021 09:32:10.756 GMT+0100,3258.0009999999997,3253.4500000000003,0.0075,0.02
30.04.2021 09:32:10.857 GMT+0100,3259.386,3253.6140000000005,0.02,0.02
30.04.2021 09:32:10.918 GMT+0100,3259.181,3254.778,0.02,0.02
30.04.2021 09:32:11.270 GMT+0100,3258.468,3255.655,0.02,0.0075
30.04.2021 09:32:12.503 GMT+0100,3258.263,3256.573,0.0075,0.0075
30.04.2021 09:32:12.554 GMT+0100,3261.427,3256.655,0.02,0.02
30.04.2021 09:32:13.588 GMT+0100,3260.55,3256.696,0.0075,0.02
30.04.2021 09:32:13.689 GMT+0100,3261.263,3256.655,0.02,0.02
30.04.2021 09:32:13.739 GMT+0100,3260.181,3256.655,0.02,0.02
30.04.2021 09:32:21.420 GMT+0100,3260.3450000000003,3257.696,0.02,0.0075
30.04.2021 09:32:31.656 GMT+0100,3258.55,3257.6140000000005,0.0075,0.0075
30.04.2021 09:32:31.706 GMT+0100,3258.181,3255.778,0.02,0.02
30.04.2021 09:32:31.818 GMT+0100,3258.263,3253.8190000000004,0.02,0.02
30.04.2021 09:32:33.524 GMT+0100,3258.0009999999997,3252.778,0.02,0.02
30.04.2021 09:32:34.289 GMT+0100,3258.468,3253.491,0.02,0.0075
30.04.2021 09:32:39.268 GMT+0100,3258.5090000000005,3254.4500000000003,0.02,0.02
30.04.2021 09:32:39.571 GMT+0100,3259.222,3254.6140000000005,0.02,0.02
30.04.2021 09:32:42.622 GMT+0100,3259.427,3255.4500000000003,0.02,0.0075
30.04.2021 09:32:42.723 GMT+0100,3260.181,3255.4500000000003,0.02,0.02
30.04.2021 09:32:43.301 GMT+0100,3260.181,3258.573,0.0075,0.0075
30.04.2021 09:32:43.351 GMT+0100,3264.3450000000003,3258.4500000000003,0.02,0.02
30.04.2021 09:32:43.401 GMT+0100,3266.263,3260.737,0.02,0.02
30.04.2021 09:32:43.503 GMT+0100,3266.0009999999997,3259.778,0.02,0.02
30.04.2021 09:32:43.553 GMT+0100,3263.263,3259.532,0.02,0.02
30.04.2021 09:32:45.292 GMT+0100,3263.304,3261.9990000000003,0.02,0.0075
30.04.2021 09:32:59.406 GMT+0100,3264.468,3261.491,0.02,0.02
30.04.2021 09:33:25.988 GMT+0100,3264.263,3258.532,0.02,0.02
30.04.2021 09:33:29.578 GMT+0100,3263.55,3257.9990000000003,0.02,0.02
30.04.2021 09:34:00.154 GMT+0100,3263.386,3259.491,0.02,0.0075
30.04.2021 09:34:00.262 GMT+0100,3263.386,3258.737,0.02,0.02
30.04.2021 09:34:03.057 GMT+0100,3261.3450000000003,3258.737,0.0075,0.02
30.04.2021 09:34:03.354 GMT+0100,3262.55,3258.778,0.02,0.02
30.04.2021 09:34:08.821 GMT+0100,3262.0009999999997,3259.8190000000004,0.02,0.0075
30.04.2021 09:34:30.300 GMT+0100,3261.3450000000003,3259.8190000000004,0.02,0.02
30.04.2021 09:34:53.870 GMT+0100,3262.55,3259.9990000000003,0.02,0.02
30.04.2021 09:35:00.837 GMT+0100,3261.304,3259.8190000000004,0.02,0.02
30.04.2021 09:35:08.335 GMT+0100,3261.3450000000003,3258.8190000000004,0.02,0.02
30.04.2021 09:35:24.288 GMT+0100,3261.222,3259.696,0.02,0.02
30.04.2021 09:35:26.946 GMT+0100,3261.263,3258.6140000000005,0.02,0.02
30.04.2021 09:35:27.278 GMT+0100,3260.3450000000003,3258.778,0.0075,0.02
30.04.2021 09:35:36.939 GMT+0100,3262.222,3258.4500000000003,0.02,0.02
30.04.2021 09:36:11.145 GMT+0100,3262.222,3259.4500000000003,0.02,0.02
30.04.2021 09:36:41.419 GMT+0100,3262.181,3258.6140000000005,0.02,0.02
30.04.2021 09:36:41.534 GMT+0100,3261.304,3258.778,0.0075,0.02
30.04.2021 09:36:59.277 GMT+0100,3261.427,3259.6140000000005,0.02,0.0075
30.04.2021 09:36:59.327 GMT+0100,3261.468,3258.573,0.02,0.02
30.04.2021 09:37:00.795 GMT+0100,3261.263,3256.573,0.02,0.02
30.04.2021 09:37:00.846 GMT+0100,3259.468,3255.4500000000003,0.02,0.02
30.04.2021 09:37:10.873 GMT+0100,3259.263,3256.6140000000005,0.02,0.0075
30.04.2021 09:37:36.063 GMT+0100,3258.468,3255.6140000000005,0.02,0.02
30.04.2021 09:37:36.114 GMT+0100,3258.0009999999997,3254.6140000000005,0.02,0.02
30.04.2021 09:37:36.433 GMT+0100,3257.181,3254.778,0.0075,0.02
30.04.2021 09:38:04.103 GMT+0100,3258.3450000000003,3252.778,0.02,0.02
30.04.2021 09:38:04.892 GMT+0100,3258.304,3253.6140000000005,0.02,0.0075
30.04.2021 09:38:05.621 GMT+0100,3257.386,3253.4500000000003,0.02,0.02
30.04.2021 09:38:17.141 GMT+0100,3255.427,3253.4500000000003,0.02,0.02
30.04.2021 09:38:47.534 GMT+0100,3255.3450000000003,3251.8190000000004,0.02,0.02
30.04.2021 09:38:47.584 GMT+0100,3254.222,3251.573,0.02,0.02
30.04.2021 09:38:53.531 GMT+0100,3254.181,3252.9990000000003,0.02,0.02
30.04.2021 09:38:55.077 GMT+0100,3253.55,3252.655,0.0075,0.0075
30.04.2021 09:38:55.127 GMT+0100,3253.5090000000005,3251.6140000000005,0.02,0.02
30.04.2021 09:38:55.236 GMT+0100,3254.0009999999997,3249.6140000000005,0.02,0.02
30.04.2021 09:38:55.286 GMT+0100,3254.427,3250.737,0.02,0.02
30.04.2021 09:38:55.446 GMT+0100,3253.0009999999997,3250.491,0.0075,0.02
30.04.2021 09:38:56.458 GMT+0100,3253.222,3251.8190000000004,0.02,0.02
30.04.2021 09:38:57.119 GMT+0100,3253.5090000000005,3250.6140000000005,0.02,0.02
30.04.2021 09:39:06.653 GMT+0100,3252.386,3250.6140000000005,0.0075,0.0075
30.04.2021 09:39:06.703 GMT+0100,3250.386,3245.655,0.02,0.02
30.04.2021 09:39:06.753 GMT+0100,3250.3450000000003,3246.8190000000004,0.02,0.02
30.04.2021 09:39:06.911 GMT+0100,3249.386,3245.9990000000003,0.02,0.02
30.04.2021 09:39:07.071 GMT+0100,3249.386,3246.8190000000004,0.02,0.0075
30.04.2021 09:39:07.172 GMT+0100,3249.3450000000003,3245.655,0.02,0.02
30.04.2021 09:39:28.359 GMT+0100,3249.468,3246.573,0.02,0.0075
30.04.2021 09:39:32.285 GMT+0100,3249.427,3248.6140000000005,0.0075,0.0075
30.04.2021 09:39:32.335 GMT+0100,3251.427,3248.573,0.02,0.02
30.04.2021 09:39:32.386 GMT+0100,3254.304,3249.6140000000005,0.02,0.02
30.04.2021 09:39:33.333 GMT+0100,3254.222,3248.6140000000005,0.02,0.02
30.04.2021 09:39:33.735 GMT+0100,3254.222,3249.9990000000003,0.02,0.0075
30.04.2021 09:40:46.109 GMT+0100,3253.3450000000003,3249.6140000000005,0.0075,0.02
30.04.2021 09:40:46.495 GMT+0100,3252.5090000000005,3249.573,0.0075,0.0075
30.04.2021 09:40:46.546 GMT+0100,3252.0009999999997,3247.655,0.02,0.02
30.04.2021 09:40:48.561 GMT+0100,3251.0009999999997,3247.532,0.0075,0.0075
30.04.2021 09:40:48.611 GMT+0100,3251.0009999999997,3246.4500000000003,0.02,0.02
30.04.2021 09:40:49.100 GMT+0100,3250.181,3246.4500000000003,0.0075,0.02
30.04.2021 09:40:49.151 GMT+0100,3250.468,3245.491,0.02,0.02
30.04.2021 09:40:49.229 GMT+0100,3249.55,3245.532,0.0075,0.02
30.04.2021 09:40:51.305 GMT+0100,3249.181,3247.573,0.0075,0.0075
30.04.2021 09:40:51.355 GMT+0100,3249.222,3246.778,0.02,0.02
30.04.2021 09:40:53.967 GMT+0100,3249.427,3245.573,0.02,0.02
30.04.2021 09:40:57.428 GMT+0100,3249.3450000000003,3246.4500000000003,0.02,0.0075
30.04.2021 09:41:03.168 GMT+0100,3249.181,3245.9990000000003,0.02,0.02
30.04.2021 09:41:06.314 GMT+0100,3249.222,3246.696,0.0075,0.0075
30.04.2021 09:41:06.364 GMT+0100,3251.222,3246.6140000000005,0.02,0.02
30.04.2021 09:41:06.416 GMT+0100,3250.427,3246.573,0.0075,0.02
30.04.2021 09:41:06.517 GMT+0100,3251.55,3246.737,0.02,0.02
30.04.2021 09:41:06.617 GMT+0100,3251.0009999999997,3247.4500000000003,0.02,0.02
30.04.2021 09:41:06.731 GMT+0100,3251.0009999999997,3246.696,0.02,0.02
30.04.2021 09:41:08.215 GMT+0100,3250.427,3246.4500000000003,0.0075,0.02
30.04.2021 09:41:08.265 GMT+0100,3251.304,3246.737,0.02,0.02
30.04.2021 09:41:08.875 GMT+0100,3249.0009999999997,3246.655,0.02,0.02
30.04.2021 09:41:09.018 GMT+0100,3249.386,3245.778,0.02,0.02
30.04.2021 09:41:09.690 GMT+0100,3250.263,3245.737,0.02,0.02
30.04.2021 09:41:09.740 GMT+0100,3251.5090000000005,3246.573,0.02,0.02
30.04.2021 09:41:15.825 GMT+0100,3249.5090000000005,3245.9990000000003,0.02,0.02
30.04.2021 09:41:15.931 GMT+0100,3248.222,3245.9990000000003,0.02,0.02
30.04.2021 09:41:22.623 GMT+0100,3249.222,3245.4500000000003,0.02,0.02
30.04.2021 09:41:24.830 GMT+0100,3249.3450000000003,3244.655,0.02,0.02
30.04.2021 09:41:30.873 GMT+0100,3250.181,3245.655,0.02,0.02
30.04.2021 09:41:32.855 GMT+0100,3248.263,3245.655,0.0075,0.02
30.04.2021 09:41:33.672 GMT+0100,3248.427,3244.532,0.02,0.02
30.04.2021 09:41:35.304 GMT+0100,3248.427,3245.9990000000003,0.02,0.02
30.04.2021 09:41:35.743 GMT+0100,3248.427,3244.6140000000005,0.02,0.02
30.04.2021 09:41:35.793 GMT+0100,3248.386,3245.491,0.02,0.02
30.04.2021 09:41:37.810 GMT+0100,3248.0009999999997,3244.4500000000003,0.02,0.02
30.04.2021 09:41:41.895 GMT+0100,3248.304,3245.778,0.02,0.02
30.04.2021 09:41:42.697 GMT+0100,3247.468,3245.778,0.0075,0.0075
30.04.2021 09:41:42.747 GMT+0100,3246.304,3242.6140000000005,0.02,0.02
30.04.2021 09:41:42.833 GMT+0100,3245.222,3242.491,0.0075,0.0075
30.04.2021 09:41:42.883 GMT+0100,3244.386,3240.8190000000004,0.02,0.02
30.04.2021 09:41:43.100 GMT+0100,3243.5090000000005,3240.737,0.0075,0.02
30.04.2021 09:41:43.150 GMT+0100,3244.55,3239.655,0.02,0.02
30.04.2021 09:41:43.201 GMT+0100,3243.468,3239.778,0.02,0.02
30.04.2021 09:41:43.867 GMT+0100,3243.468,3238.573,0.02,0.02
30.04.2021 09:41:45.710 GMT+0100,3243.386,3240.737,0.02,0.02
30.04.2021 09:41:45.848 GMT+0100,3243.5090000000005,3238.491,0.02,0.02
30.04.2021 09:42:04.399 GMT+0100,3243.5090000000005,3239.8190000000004,0.02,0.0075
30.04.2021 09:42:06.245 GMT+0100,3242.181,3239.4500000000003,0.0075,0.02
30.04.2021 09:42:45.877 GMT+0100,3243.3450000000003,3239.532,0.02,0.02
30.04.2021 09:42:46.042 GMT+0100,3244.386,3240.8190000000004,0.0075,0.0075
30.04.2021 09:42:46.092 GMT+0100,3245.263,3240.573,0.02,0.02
30.04.2021 09:42:47.848 GMT+0100,3244.55,3240.532,0.0075,0.02
30.04.2021 09:42:48.066 GMT+0100,3243.3450000000003,3239.737,0.02,0.02
30.04.2021 09:43:45.924 GMT+0100,3241.263,3237.8190000000004,0.02,0.02
30.04.2021 09:44:09.633 GMT+0100,3241.263,3238.491,0.02,0.0075
30.04.2021 09:44:37.867 GMT+0100,3240.304,3238.8190000000004,0.0075,0.02
30.04.2021 09:44:50.508 GMT+0100,3240.222,3237.532,0.02,0.02
30.04.2021 09:44:50.861 GMT+0100,3240.5090000000005,3238.573,0.02,0.0075
30.04.2021 09:45:02.892 GMT+0100,3240.263,3237.9990000000003,0.02,0.02
30.04.2021 09:45:05.901 GMT+0100,3239.181,3237.8190000000004,0.0075,0.0075
30.04.2021 09:45:05.952 GMT+0100,3238.222,3233.573,0.02,0.02
30.04.2021 09:45:06.075 GMT+0100,3237.181,3233.655,0.0075,0.02
30.04.2021 09:45:06.175 GMT+0100,3237.427,3232.491,0.02,0.02
30.04.2021 09:45:07.853 GMT+0100,3237.386,3233.737,0.02,0.0075
30.04.2021 09:45:22.921 GMT+0100,3241.5090000000005,3236.6140000000005,0.02,0.02
30.04.2021 09:45:24.076 GMT+0100,3242.55,3236.778,0.02,0.02
30.04.2021 09:45:24.277 GMT+0100,3242.55,3237.655,0.02,0.02
30.04.2021 09:45:34.160 GMT+0100,3241.55,3237.532,0.0075,0.02
30.04.2021 09:45:46.099 GMT+0100,3242.55,3237.778,0.02,0.02
30.04.2021 09:46:00.303 GMT+0100,3243.222,3237.532,0.02,0.02
30.04.2021 09:46:01.621 GMT+0100,3241.263,3237.491,0.0075,0.02
30.04.2021 09:46:06.934 GMT+0100,3242.0009999999997,3237.8190000000004,0.02,0.02
30.04.2021 09:46:51.834 GMT+0100,3243.222,3237.491,0.02,0.02
30.04.2021 09:47:19.498 GMT+0100,3244.55,3239.573,0.02,0.02
30.04.2021 09:47:19.633 GMT+0100,3244.427,3241.4500000000003,0.0075,0.0075
30.04.2021 09:47:19.683 GMT+0100,3245.0009999999997,3241.491,0.02,0.02
30.04.2021 09:47:22.761 GMT+0100,3246.181,3241.778,0.02,0.02
30.04.2021 09:47:24.601 GMT+0100,3248.263,3243.778,0.02,0.02
30.04.2021 09:47:26.286 GMT+0100,3248.468,3245.4500000000003,0.0075,0.0075
30.04.2021 09:47:26.337 GMT+0100,3250.304,3245.573,0.02,0.02
30.04.2021 09:47:26.513 GMT+0100,3250.468,3247.491,0.0075,0.0075
30.04.2021 09:47:26.564 GMT+0100,3251.468,3247.737,0.02,0.02
30.04.2021 09:47:27.821 GMT+0100,3252.55,3247.573,0.02,0.02
30.04.2021 09:47:37.037 GMT+0100,3251.263,3247.9990000000003,0.0075,0.02
30.04.2021 09:48:14.289 GMT+0100,3250.386,3247.532,0.0075,0.0075
30.04.2021 09:48:14.340 GMT+0100,3250.0009999999997,3244.737,0.02,0.02
30.04.2021 09:48:15.386 GMT+0100,3250.222,3245.696,0.02,0.0075
30.04.2021 09:48:20.417 GMT+0100,3249.468,3245.573,0.0075,0.0075
30.04.2021 09:48:20.468 GMT+0100,3249.5090000000005,3244.737,0.02,0.02
30.04.2021 09:48:20.540 GMT+0100,3247.468,3244.573,0.0075,0.02
30.04.2021 09:48:25.313 GMT+0100,3246.386,3244.573,0.0075,0.0075
30.04.2021 09:48:25.363 GMT+0100,3245.181,3240.8190000000004,0.02,0.02
30.04.2021 09:48:29.871 GMT+0100,3244.222,3239.573,0.02,0.02
30.04.2021 09:48:35.318 GMT+0100,3244.468,3240.696,0.02,0.02
30.04.2021 09:48:35.368 GMT+0100,3247.5090000000005,3240.655,0.02,0.02
30.04.2021 09:48:36.162 GMT+0100,3247.3450000000003,3241.6140000000005,0.02,0.02
30.04.2021 09:48:36.475 GMT+0100,3248.5090000000005,3241.9990000000003,0.02,0.02
30.04.2021 09:48:39.421 GMT+0100,3246.5090000000005,3241.737,0.0075,0.02
30.04.2021 09:48:46.391 GMT+0100,3246.55,3240.778,0.02,0.02
30.04.2021 09:48:48.303 GMT+0100,3245.55,3239.8190000000004,0.02,0.02
30.04.2021 09:48:48.429 GMT+0100,3243.427,3239.778,0.02,0.02
30.04.2021 09:48:48.663 GMT+0100,3243.5090000000005,3238.573,0.02,0.02
30.04.2021 09:48:48.713 GMT+0100,3243.5090000000005,3239.532,0.02,0.02
30.04.2021 09:48:50.388 GMT+0100,3244.55,3239.532,0.02,0.02
30.04.2021 09:48:50.473 GMT+0100,3243.263,3239.491,0.0075,0.02
30.04.2021 09:48:50.573 GMT+0100,3244.263,3239.9990000000003,0.02,0.02
30.04.2021 09:48:52.691 GMT+0100,3243.427,3239.9990000000003,0.0075,0.02
30.04.2021 09:48:53.202 GMT+0100,3243.0009999999997,3241.778,0.0075,0.0075
30.04.2021 09:48:53.252 GMT+0100,3246.222,3241.655,0.02,0.02
30.04.2021 09:48:53.303 GMT+0100,3246.222,3240.9990000000003,0.02,0.02
30.04.2021 09:48:56.918 GMT+0100,3247.222,3242.737,0.02,0.02
30.04.2021 09:48:57.352 GMT+0100,3246.55,3242.6140000000005,0.0075,0.02
30.04.2021 09:48:58.612 GMT+0100,3247.427,3242.4500000000003,0.02,0.02
30.04.2021 09:48:59.793 GMT+0100,3246.427,3242.778,0.0075,0.02
30.04.2021 09:49:00.917 GMT+0100,3247.181,3242.778,0.02,0.02
30.04.2021 09:49:13.892 GMT+0100,3247.427,3245.491,0.0075,0.0075
30.04.2021 09:49:13.942 GMT+0100,3249.222,3244.9990000000003,0.02,0.02
30.04.2021 09:49:13.992 GMT+0100,3249.222,3245.696,0.02,0.02
30.04.2021 09:49:14.042 GMT+0100,3250.0009999999997,3245.8190000000004,0.02,0.02
30.04.2021 09:49:19.535 GMT+0100,3249.263,3245.696,0.02,0.02
30.04.2021 09:49:19.585 GMT+0100,3249.263,3244.737,0.02,0.02
30.04.2021 09:49:19.691 GMT+0100,3247.181,3244.737,0.0075,0.02
30.04.2021 09:49:20.561 GMT+0100,3250.386,3244.4500000000003,0.02,0.02
30.04.2021 09:49:21.156 GMT+0100,3249.55,3244.778,0.0075,0.02
30.04.2021 09:49:23.515 GMT+0100,3249.181,3245.696,0.02,0.0075
30.04.2021 09:49:24.209 GMT+0100,3249.468,3244.491,0.02,0.02
30.04.2021 09:49:26.559 GMT+0100,3249.386,3245.491,0.02,0.0075
30.04.2021 09:49:30.645 GMT+0100,3251.304,3245.4500000000003,0.02,0.02
30.04.2021 09:49:31.524 GMT+0100,3251.3450000000003,3247.532,0.02,0.0075
30.04.2021 09:49:31.575 GMT+0100,3251.304,3246.778,0.02,0.02
30.04.2021 09:49:34.529 GMT+0100,3251.181,3247.532,0.02,0.0075
30.04.2021 09:49:45.645 GMT+0100,3253.222,3248.8190000000004,0.02,0.02
30.04.2021 09:49:45.746 GMT+0100,3253.468,3247.6140000000005,0.02,0.02
30.04.2021 09:49:47.625 GMT+0100,3252.468,3247.532,0.02,0.02
30.04.2021 09:50:00.634 GMT+0100,3254.263,3248.4500000000003,0.02,0.02
30.04.2021 09:50:00.946 GMT+0100,3254.0009999999997,3249.696,0.02,0.0075
30.04.2021 09:50:01.403 GMT+0100,3252.468,3249.8190000000004,0.0075,0.0075
30.04.2021 09:50:01.453 GMT+0100,3251.0009999999997,3245.573,0.02,0.02
30.04.2021 09:50:01.504 GMT+0100,3252.427,3245.6140000000005,0.02,0.02
30.04.2021 09:50:02.516 GMT+0100,3252.0009999999997,3246.532,0.02,0.0075
30.04.2021 09:50:02.683 GMT+0100,3251.222,3245.9990000000003,0.02,0.02
30.04.2021 09:50:02.927 GMT+0100,3251.3450000000003,3247.696,0.02,0.0075
30.04.2021 09:50:03.821 GMT+0100,3250.386,3247.737,0.0075,0.0075
30.04.2021 09:50:03.871 GMT+0100,3251.55,3245.8190000000004,0.02,0.02
30.04.2021 09:50:05.271 GMT+0100,3251.0009999999997,3247.532,0.02,0.0075
30.04.2021 09:50:05.969 GMT+0100,3251.55,3248.4500000000003,0.02,0.0075
30.04.2021 09:50:09.895 GMT+0100,3251.468,3247.8190000000004,0.02,0.02
30.04.2021 09:50:26.428 GMT+0100,3251.222,3248.737,0.02,0.0075
30.04.2021 09:50:26.528 GMT+0100,3250.386,3245.491,0.02,0.02
30.04.2021 09:50:27.567 GMT+0100,3251.427,3246.696,0.02,0.02
30.04.2021 09:51:11.409 GMT+0100,3251.222,3247.8190000000004,0.0075,0.0075
30.04.2021 09:51:11.460 GMT+0100,3254.5090000000005,3247.8190000000004,0.02,0.02
30.04.2021 09:51:13.069 GMT+0100,3254.5090000000005,3248.532,0.02,0.0075
30.04.2021 09:51:14.162 GMT+0100,3255.222,3248.8190000000004,0.02,0.02
30.04.2021 09:51:16.047 GMT+0100,3254.468,3248.8190000000004,0.0075,0.02
30.04.2021 09:51:17.150 GMT+0100,3253.55,3247.737,0.02,0.02
30.04.2021 09:51:18.465 GMT+0100,3254.263,3247.737,0.02,0.02
30.04.2021 09:51:20.767 GMT+0100,3253.468,3247.778,0.0075,0.0075
30.04.2021 09:51:20.818 GMT+0100,3253.263,3246.655,0.02,0.02
30.04.2021 09:51:24.757 GMT+0100,3253.386,3247.573,0.02,0.0075
30.04.2021 09:52:05.517 GMT+0100,3253.55,3248.491,0.02,0.0075
30.04.2021 09:53:46.302 GMT+0100,3252.386,3248.696,0.0075,0.02
30.04.2021 09:53:56.772 GMT+0100,3253.5090000000005,3248.573,0.02,0.02
30.04.2021 09:53:59.584 GMT+0100,3254.3450000000003,3248.491,0.02,0.02
30.04.2021 09:54:31.497 GMT+0100,3253.468,3248.8190000000004,0.0075,0.02
30.04.2021 09:54:37.285 GMT+0100,3252.0009999999997,3248.8190000000004,0.0075,0.02
30.04.2021 09:54:39.741 GMT+0100,3253.304,3248.737,0.02,0.02
30.04.2021 09:54:50.106 GMT+0100,3252.427,3248.9990000000003,0.0075,0.02
30.04.2021 09:54:52.103 GMT+0100,3253.222,3248.491,0.02,0.02
30.04.2021 09:55:28.903 GMT+0100,3254.55,3248.6140000000005,0.02,0.02
30.04.2021 09:55:28.953 GMT+0100,3253.181,3248.737,0.02,0.02
30.04.2021 09:55:30.893 GMT+0100,3253.5090000000005,3249.696,0.02,0.02
30.04.2021 09:55:55.244 GMT+0100,3254.427,3249.4500000000003,0.02,0.02
30.04.2021 09:55:57.679 GMT+0100,3255.468,3249.573,0.02,0.02
30.04.2021 09:56:12.561 GMT+0100,3255.427,3250.4500000000003,0.0075,0.0075
30.04.2021 09:56:12.612 GMT+0100,3256.427,3250.778,0.02,0.02
30.04.2021 09:56:17.038 GMT+0100,3254.0009999999997,3250.8190000000004,0.0075,0.02
30.04.2021 09:56:17.188 GMT+0100,3255.386,3250.9990000000003,0.02,0.02
30.04.2021 09:57:01.865 GMT+0100,3255.3450000000003,3251.6140000000005,0.02,0.0075
30.04.2021 09:57:53.091 GMT+0100,3256.0009999999997,3251.4500000000003,0.02,0.02
30.04.2021 09:58:50.266 GMT+0100,3255.222,3251.778,0.02,0.02
30.04.2021 09:58:50.316 GMT+0100,3256.263,3251.8190000000004,0.02,0.02
30.04.2021 09:58:58.698 GMT+0100,3255.181,3251.573,0.02,0.02
30.04.2021 09:58:58.749 GMT+0100,3256.468,3251.9990000000003,0.02,0.02
30.04.2021 09:58:58.872 GMT+0100,3255.468,3251.696,0.0075,0.02
30.04.2021 09:58:58.922 GMT+0100,3256.304,3251.6140000000005,0.02,0.02
30.04.2021 09:59:11.407 GMT+0100,3255.181,3251.532,0.0075,0.02
30.04.2021 09:59:11.558 GMT+0100,3256.3450000000003,3251.696,0.02,0.02
30.04.2021 09:59:31.258 GMT+0100,3255.3450000000003,3251.696,0.0075,0.02
30.04.2021 09:59:59.927 GMT+0100,3258.222,3253.9990000000003,0.02,0.02
30.04.2021 10:00:00.326 GMT+0100,3258.181,3254.491,0.02,0.0075
30.04.2021 10:00:00.376 GMT+0100,3259.386,3254.532,0.02,0.02
30.04.2021 10:00:02.873 GMT+0100,3258.3450000000003,3254.655,0.0075,0.02
30.04.2021 10:00:07.067 GMT+0100,3259.222,3254.8190000000004,0.02,0.02
30.04.2021 10:01:52.920 GMT+0100,3258.386,3254.655,0.02,0.02
30.04.2021 10:02:03.607 GMT+0100,3259.222,3254.8190000000004,0.02,0.02
30.04.2021 10:02:17.899 GMT+0100,3258.0009999999997,3254.6140000000005,0.0075,0.02
30.04.2021 10:02:20.713 GMT+0100,3260.263,3255.8190000000004,0.02,0.02
30.04.2021 10:02:21.073 GMT+0100,3261.304,3256.8190000000004,0.02,0.02
30.04.2021 10:02:21.319 GMT+0100,3262.222,3257.491,0.02,0.02
30.04.2021 10:02:22.046 GMT+0100,3262.55,3258.8190000000004,0.02,0.02
30.04.2021 10:02:39.175 GMT+0100,3261.0009999999997,3258.696,0.0075,0.0075
30.04.2021 10:02:39.226 GMT+0100,3261.304,3256.6140000000005,0.02,0.02
30.04.2021 10:02:39.276 GMT+0100,3261.55,3257.696,0.02,0.02
30.04.2021 10:02:45.380 GMT+0100,3262.3450000000003,3257.696,0.02,0.02
30.04.2021 10:02:47.433 GMT+0100,3262.55,3258.532,0.02,0.0075
30.04.2021 10:03:21.785 GMT+0100,3263.263,3258.6140000000005,0.02,0.02
30.04.2021 10:03:22.843 GMT+0100,3262.3450000000003,3258.778,0.0075,0.02
30.04.2021 10:03:23.655 GMT+0100,3261.55,3257.8190000000004,0.02,0.02
30.04.2021 10:03:26.879 GMT+0100,3261.181,3256.9990000000003,0.02,0.02
30.04.2021 10:03:45.341 GMT+0100,3262.427,3257.778,0.02,0.02
30.04.2021 10:03:49.188 GMT+0100,3262.181,3256.8190000000004,0.02,0.02
30.04.2021 10:04:00.760 GMT+0100,3262.386,3257.655,0.02,0.0075
30.04.2021 10:04:06.056 GMT+0100,3261.181,3257.9990000000003,0.0075,0.02
30.04.2021 10:05:01.932 GMT+0100,3259.5090000000005,3255.491,0.02,0.02
30.04.2021 10:05:04.029 GMT+0100,3258.5090000000005,3254.6140000000005,0.02,0.02
30.04.2021 10:05:46.531 GMT+0100,3259.427,3254.9990000000003,0.02,0.02
30.04.2021 10:06:39.021 GMT+0100,3261.3450000000003,3255.737,0.02,0.02
30.04.2021 10:06:39.071 GMT+0100,3261.386,3256.9990000000003,0.02,0.02
30.04.2021 10:06:46.151 GMT+0100,3260.427,3255.737,0.02,0.02
30.04.2021 10:06:47.461 GMT+0100,3260.0009999999997,3256.696,0.02,0.0075
30.04.2021 10:06:56.499 GMT+0100,3261.3450000000003,3256.6140000000005,0.02,0.02
30.04.2021 10:07:06.606 GMT+0100,3260.263,3256.532,0.0075,0.02
30.04.2021 10:07:06.657 GMT+0100,3262.304,3257.9990000000003,0.02,0.02
30.04.2021 10:07:30.980 GMT+0100,3261.386,3257.8190000000004,0.0075,0.0075
30.04.2021 10:07:31.030 GMT+0100,3262.181,3257.532,0.02,0.02
30.04.2021 10:07:35.829 GMT+0100,3262.304,3258.696,0.02,0.0075
30.04.2021 10:07:35.930 GMT+0100,3262.304,3257.4500000000003,0.02,0.02
30.04.2021 10:07:39.679 GMT+0100,3261.222,3257.6140000000005,0.0075,0.02
30.04.2021 10:07:39.730 GMT+0100,3262.3450000000003,3257.491,0.02,0.02
30.04.2021 10:07:39.895 GMT+0100,3261.304,3257.8190000000004,0.0075,0.02
30.04.2021 10:07:39.945 GMT+0100,3262.222,3257.8190000000004,0.02,0.02
30.04.2021 10:07:39.995 GMT+0100,3261.304,3257.696,0.02,0.02
30.04.2021 10:07:40.210 GMT+0100,3262.386,3258.8190000000004,0.02,0.02
30.04.2021 10:07:40.333 GMT+0100,3262.386,3257.6140000000005,0.02,0.02
30.04.2021 10:07:41.937 GMT+0100,3261.3450000000003,3257.655,0.0075,0.02
30.04.2021 10:07:50.446 GMT+0100,3262.304,3258.8190000000004,0.02,0.02
30.04.2021 10:07:50.497 GMT+0100,3263.386,3258.778,0.02,0.02
30.04.2021 10:07:50.597 GMT+0100,3262.0009999999997,3257.4500000000003,0.02,0.02
30.04.2021 10:07:50.649 GMT+0100,3263.0009999999997,3257.491,0.02,0.02
30.04.2021 10:07:50.699 GMT+0100,3262.386,3257.573,0.02,0.02
30.04.2021 10:07:54.429 GMT+0100,3261.427,3257.8190000000004,0.02,0.02
30.04.2021 10:07:58.493 GMT+0100,3261.386,3255.491,0.02,0.02
30.04.2021 10:08:01.473 GMT+0100,3261.0009999999997,3256.6140000000005,0.02,0.02
30.04.2021 10:08:10.419 GMT+0100,3259.5090000000005,3255.737,0.02,0.02
30.04.2021 10:08:10.523 GMT+0100,3258.181,3255.8190000000004,0.02,0.02
30.04.2021 10:08:11.968 GMT+0100,3258.3450000000003,3256.6140000000005,0.0075,0.0075
30.04.2021 10:08:12.019 GMT+0100,3261.55,3256.696,0.02,0.02
30.04.2021 10:08:15.344 GMT+0100,3260.181,3254.8190000000004,0.02,0.02
30.04.2021 10:08:15.421 GMT+0100,3260.181,3255.655,0.02,0.0075
30.04.2021 10:08:15.833 GMT+0100,3259.5090000000005,3255.737,0.0075,0.02
30.04.2021 10:08:15.884 GMT+0100,3261.3450000000003,3255.6140000000005,0.02,0.02
30.04.2021 10:08:15.934 GMT+0100,3261.3450000000003,3256.9990000000003,0.02,0.02
30.04.2021 10:08:16.071 GMT+0100,3261.0009999999997,3255.778,0.02,0.02
30.04.2021 10:08:16.179 GMT+0100,3261.386,3257.491,0.02,0.0075
30.04.2021 10:08:16.676 GMT+0100,3260.0009999999997,3257.696,0.0075,0.02
30.04.2021 10:08:16.879 GMT+0100,3261.427,3257.573,0.02,0.02
30.04.2021 10:08:18.173 GMT+0100,3260.55,3257.532,0.0075,0.0075
30.04.2021 10:08:18.223 GMT+0100,3260.304,3254.8190000000004,0.02,0.02
30.04.2021 10:08:19.859 GMT+0100,3259.263,3254.737,0.0075,0.02
30.04.2021 10:08:19.910 GMT+0100,3260.263,3254.737,0.02,0.02
30.04.2021 10:08:20.160 GMT+0100,3260.181,3256.696,0.0075,0.0075
30.04.2021 10:08:20.211 GMT+0100,3261.386,3256.737,0.02,0.02
30.04.2021 10:08:20.504 GMT+0100,3260.427,3254.573,0.02,0.02
30.04.2021 10:08:22.113 GMT+0100,3259.468,3254.491,0.0075,0.02
30.04.2021 10:08:22.214 GMT+0100,3260.3450000000003,3254.8190000000004,0.02,0.02
30.04.2021 10:08:24.537 GMT+0100,3260.3450000000003,3253.778,0.02,0.02
30.04.2021 10:08:25.510 GMT+0100,3260.0009999999997,3254.573,0.02,0.0075
30.04.2021 10:08:30.713 GMT+0100,3259.3450000000003,3254.573,0.0075,0.0075
30.04.2021 10:08:30.763 GMT+0100,3260.304,3254.778,0.02,0.02
30.04.2021 10:08:31.842 GMT+0100,3259.55,3254.4500000000003,0.02,0.02
30.04.2021 10:08:31.892 GMT+0100,3260.386,3254.778,0.02,0.02
30.04.2021 10:08:35.998 GMT+0100,3260.55,3255.737,0.02,0.0075
30.04.2021 10:08:36.112 GMT+0100,3259.55,3255.8190000000004,0.0075,0.02
30.04.2021 10:08:36.234 GMT+0100,3260.263,3255.573,0.02,0.02
30.04.2021 10:08:37.140 GMT+0100,3259.55,3255.737,0.02,0.02
30.04.2021 10:08:37.283 GMT+0100,3259.468,3254.9990000000003,0.02,0.02
30.04.2021 10:08:38.300 GMT+0100,3260.5090000000005,3254.778,0.02,0.02
30.04.2021 10:08:38.621 GMT+0100,3259.263,3254.4500000000003,0.0075,0.0075
30.04.2021 10:08:38.671 GMT+0100,3259.427,3253.9990000000003,0.02,0.02
30.04.2021 10:08:38.821 GMT+0100,3258.468,3253.778,0.02,0.02
30.04.2021 10:08:41.328 GMT+0100,3258.304,3252.778,0.02,0.02
30.04.2021 10:08:43.782 GMT+0100,3257.468,3251.491,0.02,0.02
30.04.2021 10:08:46.362 GMT+0100,3256.222,3251.532,0.0075,0.0075
30.04.2021 10:08:46.412 GMT+0100,3256.222,3250.573,0.02,0.02
30.04.2021 10:08:46.463 GMT+0100,3257.0009999999997,3250.532,0.02,0.02
30.04.2021 10:08:47.470 GMT+0100,3257.3450000000003,3251.696,0.02,0.02
30.04.2021 10:08:48.398 GMT+0100,3256.181,3251.8190000000004,0.0075,0.02
30.04.2021 10:08:48.498 GMT+0100,3257.386,3251.4500000000003,0.02,0.02
30.04.2021 10:08:49.570 GMT+0100,3257.5090000000005,3252.4500000000003,0.02,0.02
30.04.2021 10:08:53.621 GMT+0100,3255.55,3252.8190000000004,0.0075,0.02
30.04.2021 10:08:53.721 GMT+0100,3256.5090000000005,3252.6140000000005,0.02,0.02
30.04.2021 10:08:58.029 GMT+0100,3257.304,3252.573,0.02,0.02
30.04.2021 10:08:59.257 GMT+0100,3257.222,3254.9990000000003,0.0075,0.0075
30.04.2021 10:08:59.307 GMT+0100,3258.3450000000003,3254.9990000000003,0.02,0.02
30.04.2021 10:08:59.425 GMT+0100,3257.5090000000005,3254.737,0.0075,0.0075
30.04.2021 10:08:59.475 GMT+0100,3257.222,3251.6140000000005,0.02,0.02
30.04.2021 10:09:00.527 GMT+0100,3257.5090000000005,3253.573,0.02,0.02
30.04.2021 10:09:14.520 GMT+0100,3257.263,3251.778,0.02,0.02
30.04.2021 10:09:18.037 GMT+0100,3257.263,3250.8190000000004,0.02,0.02
30.04.2021 10:09:18.088 GMT+0100,3256.5090000000005,3250.696,0.02,0.02
30.04.2021 10:09:19.284 GMT+0100,3255.304,3249.532,0.02,0.02
30.04.2021 10:09:19.335 GMT+0100,3256.304,3249.737,0.02,0.02
30.04.2021 10:09:22.481 GMT+0100,3255.181,3249.491,0.0075,0.02
30.04.2021 10:09:22.532 GMT+0100,3256.3450000000003,3249.532,0.02,0.02
30.04.2021 10:09:27.604 GMT+0100,3255.3450000000003,3249.573,0.0075,0.02
30.04.2021 10:09:30.694 GMT+0100,3256.427,3249.4500000000003,0.02,0.02
30.04.2021 10:09:31.049 GMT+0100,3256.3450000000003,3250.8190000000004,0.02,0.0075
30.04.2021 10:09:31.150 GMT+0100,3256.3450000000003,3249.655,0.02,0.02
30.04.2021 10:09:31.445 GMT+0100,3255.0009999999997,3249.737,0.0075,0.02
30.04.2021 10:09:35.603 GMT+0100,3256.386,3249.778,0.02,0.02
30.04.2021 10:09:36.512 GMT+0100,3256.5090000000005,3250.491,0.02,0.02
30.04.2021 10:09:36.621 GMT+0100,3256.304,3252.778,0.0075,0.0075
30.04.2021 10:09:36.671 GMT+0100,3255.304,3250.655,0.02,0.02
30.04.2021 10:09:36.781 GMT+0100,3256.5090000000005,3250.4500000000003,0.02,0.02
30.04.2021 10:09:37.842 GMT+0100,3256.55,3251.9990000000003,0.02,0.0075
30.04.2021 10:09:49.710 GMT+0100,3256.263,3249.573,0.02,0.02
30.04.2021 10:09:50.359 GMT+0100,3256.5090000000005,3250.8190000000004,0.02,0.0075
30.04.2021 10:09:50.460 GMT+0100,3256.181,3249.573,0.02,0.02
30.04.2021 10:09:50.785 GMT+0100,3256.0009999999997,3250.532,0.02,0.02
30.04.2021 10:09:52.760 GMT+0100,3254.0009999999997,3250.696,0.02,0.02
30.04.2021 10:10:08.629 GMT+0100,3253.427,3248.778,0.02,0.02
30.04.2021 10:10:08.729 GMT+0100,3254.5090000000005,3248.696,0.02,0.02
30.04.2021 10:10:12.625 GMT+0100,3255.55,3250.778,0.02,0.02
30.04.2021 10:10:13.485 GMT+0100,3255.0009999999997,3249.778,0.02,0.02
30.04.2021 10:10:13.535 GMT+0100,3254.427,3248.737,0.02,0.02
30.04.2021 10:10:15.309 GMT+0100,3254.304,3247.8190000000004,0.02,0.02
30.04.2021 10:10:16.477 GMT+0100,3254.427,3248.532,0.02,0.02
30.04.2021 10:10:16.591 GMT+0100,3253.427,3248.573,0.02,0.02
30.04.2021 10:10:17.225 GMT+0100,3254.3450000000003,3248.532,0.02,0.02
30.04.2021 10:10:17.508 GMT+0100,3252.386,3248.573,0.0075,0.02
30.04.2021 10:10:17.559 GMT+0100,3252.304,3247.655,0.02,0.02
30.04.2021 10:10:17.667 GMT+0100,3254.55,3247.6140000000005,0.02,0.02
30.04.2021 10:10:21.833 GMT+0100,3252.468,3247.696,0.0075,0.0075
30.04.2021 10:10:21.883 GMT+0100,3252.181,3246.491,0.02,0.02
30.04.2021 10:10:28.495 GMT+0100,3251.5090000000005,3246.4500000000003,0.0075,0.02
30.04.2021 10:10:29.675 GMT+0100,3252.427,3246.9990000000003,0.02,0.02
30.04.2021 10:10:33.675 GMT+0100,3251.5090000000005,3246.737,0.02,0.02
30.04.2021 10:10:49.101 GMT+0100,3253.55,3248.9990000000003,0.02,0.02
30.04.2021 10:10:49.151 GMT+0100,3254.5090000000005,3247.532,0.02,0.02
30.04.2021 10:10:53.968 GMT+0100,3254.0009999999997,3249.4500000000003,0.02,0.0075
30.04.2021 10:10:57.057 GMT+0100,3253.5090000000005,3249.491,0.0075,0.02
30.04.2021 10:11:02.245 GMT+0100,3252.3450000000003,3249.696,0.0075,0.0075
30.04.2021 10:11:02.295 GMT+0100,3252.3450000000003,3247.532,0.02,0.02
30.04.2021 10:11:07.038 GMT+0100,3254.55,3248.778,0.02,0.02
30.04.2021 10:11:11.041 GMT+0100,3253.427,3248.737,0.0075,0.0075
30.04.2021 10:11:11.091 GMT+0100,3253.304,3247.8190000000004,0.02,0.02
30.04.2021 10:11:26.710 GMT+0100,3254.5090000000005,3248.8190000000004,0.02,0.02
30.04.2021 10:11:34.571 GMT+0100,3254.263,3247.573,0.02,0.02
30.04.2021 10:11:36.733 GMT+0100,3253.3450000000003,3247.6140000000005,0.0075,0.02
30.04.2021 10:11:37.225 GMT+0100,3253.222,3249.8190000000004,0.02,0.0075
30.04.2021 10:11:37.325 GMT+0100,3253.222,3247.9990000000003,0.02,0.02
30.04.2021 10:11:38.077 GMT+0100,3252.55,3247.4500000000003,0.0075,0.02
30.04.2021 10:11:38.527 GMT+0100,3251.181,3247.6140000000005,0.0075,0.02
30.04.2021 10:11:39.258 GMT+0100,3251.181,3248.4500000000003,0.02,0.0075
30.04.2021 10:11:49.895 GMT+0100,3253.263,3248.696,0.02,0.02
30.04.2021 10:12:03.714 GMT+0100,3254.5090000000005,3248.6140000000005,0.02,0.02
30.04.2021 10:12:18.945 GMT+0100,3253.5090000000005,3248.6140000000005,0.02,0.02
30.04.2021 10:12:26.479 GMT+0100,3253.386,3249.6140000000005,0.02,0.0075
30.04.2021 10:12:53.519 GMT+0100,3253.222,3248.532,0.02,0.02
30.04.2021 10:12:53.837 GMT+0100,3252.3450000000003,3248.655,0.0075,0.02
30.04.2021 10:15:22.446 GMT+0100,3251.468,3248.4500000000003,0.02,0.02
30.04.2021 10:16:27.942 GMT+0100,3250.3450000000003,3248.737,0.02,0.02
30.04.2021 10:16:39.543 GMT+0100,3250.55,3249.655,0.0075,0.0075
30.04.2021 10:16:39.593 GMT+0100,3252.222,3249.778,0.02,0.02
30.04.2021 10:16:39.644 GMT+0100,3253.0009999999997,3249.655,0.02,0.02
30.04.2021 10:17:30.239 GMT+0100,3254.468,3249.696,0.02,0.02
30.04.2021 10:17:31.760 GMT+0100,3253.5090000000005,3249.6140000000005,0.0075,0.02
30.04.2021 10:17:46.980 GMT+0100,3254.181,3249.6140000000005,0.02,0.02
30.04.2021 10:17:47.415 GMT+0100,3253.468,3249.778,0.0075,0.02
30.04.2021 10:18:37.781 GMT+0100,3254.0009999999997,3250.655,0.02,0.02
30.04.2021 10:18:37.915 GMT+0100,3254.222,3249.9990000000003,0.02,0.02
30.04.2021 10:18:37.965 GMT+0100,3252.263,3249.491,0.02,0.02
30.04.2021 10:18:38.620 GMT+0100,3253.386,3249.573,0.02,0.02
30.04.2021 10:18:55.271 GMT+0100,3254.5090000000005,3249.778,0.02,0.02
30.04.2021 10:18:56.321 GMT+0100,3253.263,3249.532,0.02,0.02
30.04.2021 10:19:41.548 GMT+0100,3252.263,3249.8190000000004,0.02,0.02
30.04.2021 10:19:41.758 GMT+0100,3253.427,3249.4500000000003,0.02,0.02
30.04.2021 10:20:27.176 GMT+0100,3254.304,3249.696,0.02,0.02
30.04.2021 10:20:36.261 GMT+0100,3253.0009999999997,3249.6140000000005,0.0075,0.02
30.04.2021 10:21:04.173 GMT+0100,3254.427,3249.532,0.02,0.02
30.04.2021 10:21:16.287 GMT+0100,3253.3450000000003,3249.491,0.0075,0.02
30.04.2021 10:21:20.192 GMT+0100,3254.55,3250.532,0.02,0.02
30.04.2021 10:21:20.249 GMT+0100,3254.3450000000003,3249.8190000000004,0.02,0.02
30.04.2021 10:21:23.969 GMT+0100,3255.5090000000005,3250.6140000000005,0.02,0.02
30.04.2021 10:21:24.257 GMT+0100,3255.468,3251.491,0.02,0.0075
30.04.2021 10:21:36.720 GMT+0100,3256.263,3251.532,0.02,0.02
30.04.2021 10:21:36.770 GMT+0100,3257.0009999999997,3252.737,0.02,0.02
30.04.2021 10:21:38.359 GMT+0100,3257.304,3253.6140000000005,0.0075,0.0075
30.04.2021 10:21:38.409 GMT+0100,3258.222,3253.491,0.02,0.02
30.04.2021 10:21:41.089 GMT+0100,3257.181,3253.532,0.0075,0.02
30.04.2021 10:21:48.321 GMT+0100,3258.181,3253.491,0.02,0.02
30.04.2021 10:21:48.870 GMT+0100,3258.427,3254.696,0.02,0.0075
30.04.2021 10:21:54.101 GMT+0100,3258.55,3255.655,0.0075,0.0075
30.04.2021 10:21:54.152 GMT+0100,3259.304,3255.8190000000004,0.02,0.02
30.04.2021 10:21:55.821 GMT+0100,3259.222,3254.6140000000005,0.02,0.02
30.04.2021 10:22:11.259 GMT+0100,3259.386,3255.4500000000003,0.02,0.02
30.04.2021 10:22:15.821 GMT+0100,3261.263,3256.655,0.02,0.02
30.04.2021 10:22:22.273 GMT+0100,3262.0009999999997,3256.573,0.02,0.02
30.04.2021 10:22:27.675 GMT+0100,3261.0009999999997,3256.6140000000005,0.02,0.02
30.04.2021 10:22:34.421 GMT+0100,3261.3450000000003,3257.655,0.0075,0.0075
30.04.2021 10:22:34.471 GMT+0100,3262.55,3257.8190000000004,0.02,0.02
30.04.2021 10:22:35.033 GMT+0100,3262.386,3258.655,0.02,0.0075
30.04.2021 10:22:35.975 GMT+0100,3263.263,3258.4500000000003,0.02,0.02
30.04.2021 10:22:36.961 GMT+0100,3262.0009999999997,3258.696,0.0075,0.02
30.04.2021 10:22:51.311 GMT+0100,3263.468,3258.778,0.02,0.02
30.04.2021 10:22:59.566 GMT+0100,3263.0009999999997,3259.532,0.0075,0.0075
30.04.2021 10:22:59.616 GMT+0100,3264.263,3259.9990000000003,0.02,0.02
30.04.2021 10:22:59.666 GMT+0100,3263.427,3258.4500000000003,0.02,0.02
30.04.2021 10:23:00.669 GMT+0100,3262.3450000000003,3258.9990000000003,0.02,0.02
30.04.2021 10:23:01.075 GMT+0100,3263.427,3258.532,0.02,0.02
30.04.2021 10:23:01.659 GMT+0100,3262.263,3258.737,0.0075,0.02
30.04.2021 10:23:02.278 GMT+0100,3263.181,3258.778,0.02,0.02
30.04.2021 10:23:15.029 GMT+0100,3262.5090000000005,3258.737,0.0075,0.02
30.04.2021 10:23:47.311 GMT+0100,3261.5090000000005,3258.9990000000003,0.0075,0.02
30.04.2021 10:24:51.192 GMT+0100,3263.386,3258.6140000000005,0.02,0.02
30.04.2021 10:24:58.960 GMT+0100,3262.0009999999997,3259.9990000000003,0.02,0.02
30.04.2021 10:24:59.010 GMT+0100,3262.263,3258.573,0.02,0.02
30.04.2021 10:24:59.061 GMT+0100,3263.427,3258.8190000000004,0.02,0.02
30.04.2021 10:25:04.948 GMT+0100,3263.468,3259.4500000000003,0.02,0.02
30.04.2021 10:25:07.308 GMT+0100,3264.3450000000003,3260.696,0.02,0.02
30.04.2021 10:25:08.306 GMT+0100,3265.427,3260.737,0.02,0.02
30.04.2021 10:25:11.157 GMT+0100,3264.263,3260.8190000000004,0.0075,0.0075
30.04.2021 10:25:11.208 GMT+0100,3264.3450000000003,3259.9990000000003,0.02,0.02
30.04.2021 10:25:15.821 GMT+0100,3264.3450000000003,3260.655,0.0075,0.0075
30.04.2021 10:25:15.871 GMT+0100,3265.0009999999997,3260.655,0.02,0.02
30.04.2021 10:25:21.489 GMT+0100,3265.55,3261.6140000000005,0.02,0.02
30.04.2021 10:25:21.671 GMT+0100,3265.0009999999997,3260.4500000000003,0.02,0.02
30.04.2021 10:25:22.162 GMT+0100,3265.468,3261.696,0.02,0.0075
30.04.2021 10:26:48.927 GMT+0100,3263.304,3261.491,0.0075,0.0075
30.04.2021 10:26:48.977 GMT+0100,3263.181,3258.491,0.02,0.02
30.04.2021 10:26:49.060 GMT+0100,3263.5090000000005,3259.9990000000003,0.02,0.0075
30.04.2021 10:26:52.983 GMT+0100,3260.181,3256.778,0.02,0.02
30.04.2021 10:26:53.084 GMT+0100,3261.304,3256.532,0.02,0.02
30.04.2021 10:26:58.103 GMT+0100,3260.0009999999997,3256.6140000000005,0.02,0.02
30.04.2021 10:26:58.154 GMT+0100,3260.304,3255.573,0.02,0.02
30.04.2021 10:27:02.559 GMT+0100,3260.263,3256.6140000000005,0.02,0.0075
30.04.2021 10:27:05.895 GMT+0100,3260.181,3257.655,0.02,0.02
30.04.2021 10:27:05.945 GMT+0100,3260.181,3256.696,0.02,0.02
30.04.2021 10:27:14.257 GMT+0100,3260.0009999999997,3257.573,0.0075,0.0075
30.04.2021 10:27:14.307 GMT+0100,3261.3450000000003,3257.9990000000003,0.02,0.02
30.04.2021 10:27:14.357 GMT+0100,3260.468,3257.9990000000003,0.02,0.02
30.04.2021 10:27:14.500 GMT+0100,3259.5090000000005,3255.8190000000004,0.02,0.02
30.04.2021 10:27:14.885 GMT+0100,3260.181,3256.737,0.02,0.0075
30.04.2021 10:27:39.256 GMT+0100,3259.55,3256.696,0.0075,0.02
30.04.2021 10:27:43.691 GMT+0100,3260.55,3256.655,0.02,0.02
30.04.2021 10:27:52.941 GMT+0100,3259.3450000000003,3256.532,0.02,0.02
30.04.2021 10:27:53.407 GMT+0100,3260.427,3256.655,0.02,0.02
30.04.2021 10:28:11.677 GMT+0100,3260.468,3257.9990000000003,0.0075,0.0075
30.04.2021 10:28:11.727 GMT+0100,3261.468,3257.6140000000005,0.02,0.02
30.04.2021 10:28:11.833 GMT+0100,3261.386,3256.9990000000003,0.02,0.02
30.04.2021 10:28:12.715 GMT+0100,3260.181,3256.8190000000004,0.0075,0.02
30.04.2021 10:28:22.459 GMT+0100,3261.222,3256.9990000000003,0.02,0.02
30.04.2021 10:28:25.549 GMT+0100,3260.5090000000005,3256.655,0.02,0.02
30.04.2021 10:28:39.241 GMT+0100,3259.3450000000003,3256.737,0.02,0.02
30.04.2021 10:29:08.262 GMT+0100,3260.3450000000003,3256.9990000000003,0.02,0.02
30.04.2021 10:29:27.229 GMT+0100,3260.386,3257.532,0.02,0.0075
30.04.2021 10:29:33.276 GMT+0100,3260.55,3256.8190000000004,0.02,0.02
30.04.2021 10:29:34.239 GMT+0100,3260.263,3257.778,0.02,0.02
30.04.2021 10:29:36.121 GMT+0100,3259.427,3256.655,0.02,0.02
30.04.2021 10:29:49.825 GMT+0100,3260.386,3256.4500000000003,0.02,0.02
30.04.2021 10:29:59.732 GMT+0100,3260.55,3257.778,0.02,0.0075
30.04.2021 10:30:49.338 GMT+0100,3259.181,3257.4500000000003,0.0075,0.0075
30.04.2021 10:30:49.388 GMT+0100,3259.468,3256.655,0.02,0.02
30.04.2021 10:30:58.902 GMT+0100,3260.263,3256.6140000000005,0.02,0.02
30.04.2021 10:31:09.706 GMT+0100,3259.181,3256.778,0.0075,0.02
30.04.2021 10:31:41.455 GMT+0100,3259.263,3255.8190000000004,0.02,0.02
30.04.2021 10:31:41.505 GMT+0100,3258.222,3254.8190000000004,0.02,0.02
30.04.2021 10:31:41.841 GMT+0100,3257.263,3254.737,0.0075,0.02
30.04.2021 10:31:44.992 GMT+0100,3257.0009999999997,3253.491,0.02,0.02
30.04.2021 10:32:12.427 GMT+0100,3257.427,3255.778,0.02,0.02
30.04.2021 10:32:18.346 GMT+0100,3257.3450000000003,3253.573,0.02,0.02
30.04.2021 10:32:24.656 GMT+0100,3257.304,3255.696,0.02,0.0075
30.04.2021 10:33:59.170 GMT+0100,3257.0009999999997,3254.737,0.01,0.01
30.04.2021 10:33:59.271 GMT+0100,3257.263,3253.655,0.02,0.02
30.04.2021 10:34:09.059 GMT+0100,3257.181,3254.8190000000004,0.02,0.0075
30.04.2021 10:34:11.409 GMT+0100,3257.3450000000003,3253.491,0.02,0.02
30.04.2021 10:34:14.849 GMT+0100,3257.0009999999997,3255.778,0.02,0.0075
30.04.2021 10:35:16.105 GMT+0100,3257.3450000000003,3253.778,0.01,0.01
30.04.2021 10:35:18.516 GMT+0100,3257.0009999999997,3254.573,0.02,0.0075
30.04.2021 10:35:18.709 GMT+0100,3257.427,3253.737,0.02,0.02
30.04.2021 10:35:28.673 GMT+0100,3257.386,3254.6140000000005,0.02,0.02
30.04.2021 10:35:38.825 GMT+0100,3257.55,3255.491,0.02,0.0075
