Local time,Ask,Bid,AskVolume,BidVolume
07.04.2021 08:00:02.714 GMT+0100,3519.262,3501.697,0.0075,0.0075
07.04.2021 08:00:03.792 GMT+0100,3518.508,3501.7790000000005,0.0075,0.02
07.04.2021 08:00:05.324 GMT+0100,3514.5490000000004,3501.533,0.02,0.02
07.04.2021 08:00:11.785 GMT+0100,3514.1800000000003,3503.451,0.0075,0.0075
07.04.2021 08:00:11.835 GMT+0100,3516.508,3503.492,0.02,0.02
07.04.2021 08:00:13.349 GMT+0100,3515,3503.738,0.02,0.02
07.04.2021 08:00:14.348 GMT+0100,3515.221,3507.492,0.0075,0.0075
07.04.2021 08:00:14.398 GMT+0100,3524.508,3511.656,0.02,0.02
07.04.2021 08:00:14.526 GMT+0100,3524.467,3509.656,0.02,0.02
07.04.2021 08:00:15.789 GMT+0100,3524.385,3518.656,0.0075,0.0075
07.04.2021 08:00:15.840 GMT+0100,3547.3440000000005,3518.492,0.02,0.02
07.04.2021 08:00:16.093 GMT+0100,3547.5490000000004,3521.6150000000002,0.02,0.0075
07.04.2021 08:00:16.779 GMT+0100,3547.5490000000004,3524.6150000000002,0.0075,0.0075
07.04.2021 08:00:16.830 GMT+0100,3548.5490000000004,3524.82,0.02,0.02
07.04.2021 08:00:16.880 GMT+0100,3547.303,3524.5740000000005,0.02,0.02
07.04.2021 08:00:17.771 GMT+0100,3547,3521.697,0.02,0.02
07.04.2021 08:00:18.820 GMT+0100,3546.303,3527.5740000000005,0.02,0.02
07.04.2021 08:00:18.870 GMT+0100,3547.303,3527.5740000000005,0.02,0.02
07.04.2021 08:00:19.708 GMT+0100,3547.303,3520.738,0.02,0.02
07.04.2021 08:00:19.783 GMT+0100,3547.5490000000004,3522.738,0.02,0.0075
07.04.2021 08:00:19.891 GMT+0100,3537,3519.697,0.0075,0.02
07.04.2021 08:00:19.942 GMT+0100,3545.5490000000004,3519.492,0.02,0.02
07.04.2021 08:00:20.195 GMT+0100,3545.221,3518.656,0.02,0.02
07.04.2021 08:00:20.386 GMT+0100,3544.467,3518.5740000000005,0.02,0.02
07.04.2021 08:00:20.853 GMT+0100,3544.3440000000005,3517.492,0.02,0.02
07.04.2021 08:00:21.999 GMT+0100,3544,3516.492,0.02,0.02
07.04.2021 08:00:22.389 GMT+0100,3542.426,3516.5740000000005,0.0075,0.02
07.04.2021 08:00:26.883 GMT+0100,3541.3440000000005,3516.492,0.0075,0.02
07.04.2021 08:00:37.220 GMT+0100,3539.467,3516.697,0.0075,0.0075
07.04.2021 08:00:37.271 GMT+0100,3539,3510.6150000000002,0.02,0.02
07.04.2021 08:00:37.425 GMT+0100,3536.221,3510.738,0.0075,0.0075
07.04.2021 08:00:37.924 GMT+0100,3533.508,3504.656,0.0075,0.02
07.04.2021 08:00:38.456 GMT+0100,3531.1800000000003,3504.492,0.0075,0.02
07.04.2021 08:00:40.071 GMT+0100,3529,3505,0.0075,0.0075
07.04.2021 08:00:40.121 GMT+0100,3529.3440000000005,3503.5740000000005,0.02,0.02
07.04.2021 08:00:40.204 GMT+0100,3528.426,3503.6150000000002,0.02,0.02
07.04.2021 08:00:49.730 GMT+0100,3528.5490000000004,3504.5740000000005,0.02,0.0075
07.04.2021 08:00:54.992 GMT+0100,3527.303,3504.697,0.0075,0.02
07.04.2021 08:00:56.113 GMT+0100,3528.508,3504.656,0.02,0.02
07.04.2021 08:00:57.429 GMT+0100,3527.467,3505,0.02,0.02
07.04.2021 08:00:57.479 GMT+0100,3527.426,3503.492,0.02,0.02
07.04.2021 08:00:58.203 GMT+0100,3525.5490000000004,3503.451,0.0075,0.02
07.04.2021 08:00:58.617 GMT+0100,3524.5490000000004,3503.738,0.0075,0.02
07.04.2021 08:00:58.846 GMT+0100,3522.508,3500.738,0.02,0.02
07.04.2021 08:00:58.995 GMT+0100,3522.262,3499.7790000000005,0.02,0.02
07.04.2021 08:00:59.287 GMT+0100,3520.467,3499.656,0.0075,0.02
07.04.2021 08:00:59.480 GMT+0100,3519.1800000000003,3499.7790000000005,0.02,0.02
07.04.2021 08:01:00.000 GMT+0100,3517.5490000000004,3499.451,0.0075,0.02
07.04.2021 08:01:00.249 GMT+0100,3509.3440000000005,3500,0.0075,0.02
07.04.2021 08:01:10.433 GMT+0100,3508.508,3499.5740000000005,0.0075,0.02
07.04.2021 08:01:23.366 GMT+0100,3508,3492.656,0.02,0.02
07.04.2021 08:01:25.126 GMT+0100,3506.426,3492.82,0.0075,0.02
07.04.2021 08:02:15.459 GMT+0100,3509.1800000000003,3495.5740000000005,0.02,0.02
07.04.2021 08:02:20.510 GMT+0100,3512.426,3496,0.02,0.02
07.04.2021 08:02:26.932 GMT+0100,3505.5490000000004,3495.697,0.0075,0.02
07.04.2021 08:02:27.139 GMT+0100,3505.508,3496.697,0.0075,0.0075
07.04.2021 08:02:27.189 GMT+0100,3515.303,3496.451,0.02,0.02
07.04.2021 08:02:27.290 GMT+0100,3517.508,3496.492,0.02,0.02
07.04.2021 08:02:27.392 GMT+0100,3517.467,3497.451,0.0075,0.0075
07.04.2021 08:02:27.442 GMT+0100,3519.1800000000003,3497.697,0.02,0.02
07.04.2021 08:02:28.190 GMT+0100,3519.1800000000003,3499.697,0.0075,0.0075
07.04.2021 08:02:28.241 GMT+0100,3521.426,3499.5740000000005,0.02,0.02
07.04.2021 08:02:28.448 GMT+0100,3517.467,3499.7790000000005,0.0075,0.02
07.04.2021 08:02:28.821 GMT+0100,3517.221,3501,0.02,0.02
07.04.2021 08:02:30.021 GMT+0100,3516,3501.451,0.02,0.02
07.04.2021 08:02:33.530 GMT+0100,3515,3502,0.02,0.02
07.04.2021 08:02:44.243 GMT+0100,3515.508,3500.82,0.02,0.02
07.04.2021 08:02:45.209 GMT+0100,3515.1800000000003,3501.656,0.02,0.0075
07.04.2021 08:02:52.314 GMT+0100,3514.303,3502.697,0.02,0.0075
07.04.2021 08:02:53.741 GMT+0100,3514.262,3501.82,0.02,0.02
07.04.2021 08:02:53.897 GMT+0100,3514.5490000000004,3502.697,0.02,0.0075
07.04.2021 08:02:53.997 GMT+0100,3514.5490000000004,3501.82,0.02,0.02
07.04.2021 08:02:56.313 GMT+0100,3514,3502.697,0.02,0.0075
07.04.2021 08:02:56.659 GMT+0100,3514.467,3501.533,0.02,0.02
07.04.2021 08:03:09.844 GMT+0100,3514.221,3502.697,0.02,0.0075
07.04.2021 08:03:25.684 GMT+0100,3514.303,3501.5740000000005,0.02,0.02
07.04.2021 08:03:39.408 GMT+0100,3514,3502.451,0.02,0.02
07.04.2021 08:03:40.178 GMT+0100,3514.3440000000005,3503.5740000000005,0.0075,0.0075
07.04.2021 08:03:40.229 GMT+0100,3525.1800000000003,3508.533,0.02,0.02
07.04.2021 08:03:40.279 GMT+0100,3528.262,3511.533,0.02,0.02
07.04.2021 08:03:40.392 GMT+0100,3527.385,3511.697,0.0075,0.02
07.04.2021 08:03:40.564 GMT+0100,3528.262,3511.82,0.02,0.02
07.04.2021 08:03:40.654 GMT+0100,3524,3511.738,0.0075,0.02
07.04.2021 08:03:43.192 GMT+0100,3523.426,3511.656,0.0075,0.02
07.04.2021 08:03:44.213 GMT+0100,3521.385,3511.82,0.02,0.02
07.04.2021 08:03:48.105 GMT+0100,3523.385,3509.6150000000002,0.02,0.02
07.04.2021 08:03:51.665 GMT+0100,3521.303,3510,0.0075,0.02
07.04.2021 08:04:00.856 GMT+0100,3522,3509.7790000000005,0.02,0.02
07.04.2021 08:04:02.541 GMT+0100,3520.3440000000005,3509.5740000000005,0.02,0.02
07.04.2021 08:04:04.449 GMT+0100,3519.303,3509.451,0.02,0.02
07.04.2021 08:04:04.500 GMT+0100,3518.262,3506.82,0.02,0.02
07.04.2021 08:04:04.882 GMT+0100,3519.508,3506.738,0.02,0.02
07.04.2021 08:04:05.052 GMT+0100,3517.508,3504.492,0.02,0.02
07.04.2021 08:04:05.103 GMT+0100,3517.3440000000005,3503.82,0.02,0.02
07.04.2021 08:04:07.666 GMT+0100,3518.5490000000004,3503.697,0.02,0.02
07.04.2021 08:04:13.933 GMT+0100,3518.303,3507.5740000000005,0.0075,0.0075
07.04.2021 08:04:13.983 GMT+0100,3521.262,3508,0.02,0.02
07.04.2021 08:04:14.033 GMT+0100,3519.508,3507.492,0.02,0.02
07.04.2021 08:04:14.674 GMT+0100,3518,3507.5740000000005,0.02,0.02
07.04.2021 08:04:17.596 GMT+0100,3521.3440000000005,3507.451,0.02,0.02
07.04.2021 08:04:17.940 GMT+0100,3519.426,3507.492,0.0075,0.02
07.04.2021 08:04:20.202 GMT+0100,3521.1800000000003,3507.6150000000002,0.02,0.02
07.04.2021 08:04:20.640 GMT+0100,3521.303,3509.533,0.0075,0.0075
07.04.2021 08:04:20.691 GMT+0100,3522.467,3509.697,0.02,0.02
07.04.2021 08:04:21.213 GMT+0100,3521.221,3509.7790000000005,0.0075,0.02
07.04.2021 08:04:24.785 GMT+0100,3521.1800000000003,3509,0.02,0.02
07.04.2021 08:04:32.266 GMT+0100,3521,3509.533,0.02,0.0075
07.04.2021 08:04:44.242 GMT+0100,3521.221,3511.738,0.02,0.0075
07.04.2021 08:04:44.292 GMT+0100,3521.385,3510,0.02,0.02
07.04.2021 08:04:50.612 GMT+0100,3519.3440000000005,3509.738,0.0075,0.02
07.04.2021 08:05:04.620 GMT+0100,3519.3440000000005,3510.82,0.0075,0.0075
07.04.2021 08:05:04.670 GMT+0100,3521,3510.492,0.02,0.02
07.04.2021 08:05:10.358 GMT+0100,3521.467,3509.492,0.02,0.02
07.04.2021 08:05:20.094 GMT+0100,3521.426,3510.492,0.02,0.02
07.04.2021 08:05:32.368 GMT+0100,3522.385,3510.7790000000005,0.02,0.02
07.04.2021 08:05:35.947 GMT+0100,3522.1800000000003,3513.533,0.02,0.0075
07.04.2021 08:05:36.496 GMT+0100,3522.5490000000004,3512.697,0.02,0.02
07.04.2021 08:06:39.268 GMT+0100,3521.426,3513,0.01,0.01
07.04.2021 08:06:40.544 GMT+0100,3521.303,3509.6150000000002,0.02,0.02
07.04.2021 08:06:43.115 GMT+0100,3521.385,3510.656,0.02,0.0075
07.04.2021 08:06:44.341 GMT+0100,3518.303,3509.451,0.02,0.02
07.04.2021 08:06:49.394 GMT+0100,3519.3440000000005,3509.451,0.02,0.02
07.04.2021 08:06:50.395 GMT+0100,3519.221,3510.492,0.02,0.0075
07.04.2021 08:06:50.445 GMT+0100,3521.221,3510.697,0.02,0.02
07.04.2021 08:07:12.933 GMT+0100,3519.262,3509.492,0.02,0.02
07.04.2021 08:07:13.042 GMT+0100,3517.508,3510,0.02,0.02
07.04.2021 08:07:14.240 GMT+0100,3517.467,3506.451,0.02,0.02
07.04.2021 08:07:22.033 GMT+0100,3517.508,3508,0.02,0.02
07.04.2021 08:07:22.231 GMT+0100,3517.3440000000005,3506.5740000000005,0.02,0.02
07.04.2021 08:07:22.281 GMT+0100,3509.467,3505.82,0.02,0.02
07.04.2021 08:07:22.332 GMT+0100,3513.385,3504.738,0.02,0.02
07.04.2021 08:07:22.425 GMT+0100,3512.303,3504.492,0.0075,0.0075
07.04.2021 08:07:22.476 GMT+0100,3509.1800000000003,3500.451,0.02,0.02
07.04.2021 08:07:23.145 GMT+0100,3507.5490000000004,3500.656,0.0075,0.02
07.04.2021 08:07:25.458 GMT+0100,3511.303,3500.492,0.02,0.02
07.04.2021 08:07:26.396 GMT+0100,3508.303,3500.82,0.0075,0.02
07.04.2021 08:07:46.727 GMT+0100,3508.262,3499.6150000000002,0.02,0.02
07.04.2021 08:07:48.902 GMT+0100,3508.426,3500.6150000000002,0.02,0.0075
07.04.2021 08:08:10.551 GMT+0100,3515.5490000000004,3504.533,0.02,0.02
07.04.2021 08:08:25.759 GMT+0100,3515.467,3507,0.0075,0.0075
07.04.2021 08:08:25.809 GMT+0100,3517.467,3506.6150000000002,0.02,0.02
07.04.2021 08:08:27.327 GMT+0100,3517.385,3507.697,0.02,0.0075
07.04.2021 08:08:28.009 GMT+0100,3515.467,3507.738,0.0075,0.02
07.04.2021 08:08:44.453 GMT+0100,3514.385,3507.697,0.0075,0.02
07.04.2021 08:08:57.077 GMT+0100,3514.3440000000005,3510,0.0075,0.0075
07.04.2021 08:08:57.128 GMT+0100,3519.1800000000003,3509.656,0.02,0.02
07.04.2021 08:09:03.735 GMT+0100,3519,3510.82,0.02,0.02
07.04.2021 08:09:05.889 GMT+0100,3517.221,3510.82,0.0075,0.02
07.04.2021 08:09:19.179 GMT+0100,3519.5490000000004,3511,0.02,0.02
07.04.2021 08:09:19.230 GMT+0100,3520.303,3510.7790000000005,0.02,0.02
07.04.2021 08:09:19.280 GMT+0100,3519.303,3510.738,0.02,0.02
07.04.2021 08:09:19.798 GMT+0100,3521.262,3511,0.02,0.02
07.04.2021 08:09:23.709 GMT+0100,3520.221,3510.5740000000005,0.0075,0.02
07.04.2021 08:09:33.052 GMT+0100,3519.1800000000003,3511,0.0075,0.02
07.04.2021 08:09:33.102 GMT+0100,3521.221,3510.738,0.02,0.02
07.04.2021 08:09:38.604 GMT+0100,3521.5490000000004,3513,0.02,0.0075
07.04.2021 08:09:39.390 GMT+0100,3521.385,3515.697,0.02,0.0075
07.04.2021 08:09:53.710 GMT+0100,3522,3515.533,0.02,0.02
07.04.2021 08:10:05.336 GMT+0100,3521.303,3515.451,0.0075,0.02
07.04.2021 08:10:06.258 GMT+0100,3522.1800000000003,3515.5740000000005,0.02,0.02
07.04.2021 08:10:14.248 GMT+0100,3521.262,3515.7790000000005,0.0075,0.02
07.04.2021 08:10:26.285 GMT+0100,3523.508,3518.533,0.02,0.02
07.04.2021 08:10:26.386 GMT+0100,3527.426,3519.697,0.02,0.02
07.04.2021 08:10:49.428 GMT+0100,3528.426,3519.738,0.02,0.02
07.04.2021 08:10:49.846 GMT+0100,3527.221,3519.738,0.02,0.02
07.04.2021 08:11:00.924 GMT+0100,3526.5490000000004,3520,0.0075,0.02
07.04.2021 08:11:01.572 GMT+0100,3527.221,3519.451,0.02,0.02
07.04.2021 08:11:08.985 GMT+0100,3527.426,3520.533,0.02,0.02
07.04.2021 08:11:31.646 GMT+0100,3529.3440000000005,3521.697,0.02,0.02
07.04.2021 08:11:31.963 GMT+0100,3529.5490000000004,3523.7790000000005,0.0075,0.0075
07.04.2021 08:11:32.014 GMT+0100,3531,3523.738,0.02,0.02
07.04.2021 08:11:52.388 GMT+0100,3532.5490000000004,3523.82,0.02,0.02
07.04.2021 08:11:52.788 GMT+0100,3532.262,3525.82,0.0075,0.0075
07.04.2021 08:11:52.839 GMT+0100,3533.262,3525.492,0.02,0.02
07.04.2021 08:11:53.849 GMT+0100,3533.426,3526.656,0.02,0.02
07.04.2021 08:12:01.732 GMT+0100,3532.385,3524,0.02,0.02
07.04.2021 08:12:03.800 GMT+0100,3532.262,3525.451,0.02,0.02
07.04.2021 08:12:08.712 GMT+0100,3534.5490000000004,3524.697,0.02,0.02
07.04.2021 08:12:09.706 GMT+0100,3533.5490000000004,3524.738,0.0075,0.02
07.04.2021 08:12:17.412 GMT+0100,3528,3524.6150000000002,0.0075,0.0075
07.04.2021 08:12:17.463 GMT+0100,3527.1800000000003,3518.533,0.02,0.02
07.04.2021 08:12:17.523 GMT+0100,3527.303,3520.492,0.02,0.0075
07.04.2021 08:12:18.241 GMT+0100,3526.467,3520.451,0.0075,0.02
07.04.2021 08:12:21.637 GMT+0100,3526.508,3522,0.02,0.0075
07.04.2021 08:12:22.383 GMT+0100,3528.303,3521.5740000000005,0.02,0.02
07.04.2021 08:12:48.203 GMT+0100,3527.262,3521.5740000000005,0.0075,0.02
07.04.2021 08:13:00.494 GMT+0100,3527.1800000000003,3523.533,0.02,0.0075
07.04.2021 08:13:01.492 GMT+0100,3527.3440000000005,3519.697,0.02,0.02
07.04.2021 08:13:02.460 GMT+0100,3524,3520,0.0075,0.0075
07.04.2021 08:13:02.510 GMT+0100,3524.262,3515.656,0.02,0.02
07.04.2021 08:13:03.480 GMT+0100,3524.426,3515,0.02,0.02
07.04.2021 08:13:04.914 GMT+0100,3524.1800000000003,3516.7790000000005,0.02,0.0075
07.04.2021 08:13:13.434 GMT+0100,3523,3516.82,0.02,0.02
07.04.2021 08:13:13.630 GMT+0100,3524.1800000000003,3517,0.02,0.02
07.04.2021 08:13:15.012 GMT+0100,3521.467,3516.697,0.0075,0.02
07.04.2021 08:13:16.277 GMT+0100,3522.1800000000003,3516.7790000000005,0.02,0.02
07.04.2021 08:13:32.466 GMT+0100,3521.262,3516.6150000000002,0.02,0.02
07.04.2021 08:13:36.681 GMT+0100,3521.385,3511.451,0.02,0.02
07.04.2021 08:13:38.851 GMT+0100,3518.221,3511.492,0.02,0.02
07.04.2021 08:13:50.388 GMT+0100,3518.262,3510.5740000000005,0.02,0.02
07.04.2021 08:13:50.439 GMT+0100,3516.303,3510.82,0.02,0.02
07.04.2021 08:13:55.476 GMT+0100,3516.426,3509.697,0.02,0.02
07.04.2021 08:13:56.992 GMT+0100,3516.385,3507.697,0.02,0.02
07.04.2021 08:14:09.609 GMT+0100,3514.221,3507.492,0.02,0.02
07.04.2021 08:14:19.385 GMT+0100,3513.385,3507.5740000000005,0.0075,0.02
07.04.2021 08:14:19.486 GMT+0100,3512,3507.738,0.02,0.02
07.04.2021 08:14:23.126 GMT+0100,3512.221,3506.451,0.02,0.02
07.04.2021 08:14:47.153 GMT+0100,3511.221,3505.82,0.02,0.02
07.04.2021 08:14:50.024 GMT+0100,3510.508,3505.738,0.02,0.0075
07.04.2021 08:14:50.074 GMT+0100,3510.262,3504.451,0.02,0.02
07.04.2021 08:15:07.200 GMT+0100,3510.508,3505.7790000000005,0.02,0.0075
07.04.2021 08:15:13.068 GMT+0100,3510.221,3504.656,0.02,0.02
07.04.2021 08:15:15.312 GMT+0100,3510.467,3505.656,0.02,0.02
07.04.2021 08:15:19.006 GMT+0100,3510.385,3508.656,0.0075,0.0075
07.04.2021 08:15:19.056 GMT+0100,3516.3440000000005,3507.82,0.02,0.02
07.04.2021 08:16:03.308 GMT+0100,3516.5490000000004,3509,0.02,0.0075
07.04.2021 08:16:24.273 GMT+0100,3518.508,3508.5740000000005,0.02,0.02
07.04.2021 08:16:37.608 GMT+0100,3516.1800000000003,3509,0.02,0.02
07.04.2021 08:16:47.893 GMT+0100,3516.262,3511.6150000000002,0.0075,0.0075
07.04.2021 08:16:47.943 GMT+0100,3517.467,3511.533,0.02,0.02
07.04.2021 08:17:00.135 GMT+0100,3517.508,3513.492,0.02,0.02
07.04.2021 08:17:01.482 GMT+0100,3520.1800000000003,3513.7790000000005,0.02,0.02
07.04.2021 08:17:02.144 GMT+0100,3521,3514,0.02,0.02
07.04.2021 08:17:20.813 GMT+0100,3522.5490000000004,3513.6150000000002,0.02,0.02
07.04.2021 08:17:21.906 GMT+0100,3521,3513.697,0.0075,0.02
07.04.2021 08:19:00.461 GMT+0100,3519.1800000000003,3514.492,0.0075,0.0075
07.04.2021 08:19:01.447 GMT+0100,3520.303,3514.533,0.02,0.02
07.04.2021 08:19:08.493 GMT+0100,3521.385,3514.6150000000002,0.02,0.02
07.04.2021 08:19:11.167 GMT+0100,3520.5490000000004,3515,0.0075,0.02
07.04.2021 08:19:16.713 GMT+0100,3521.467,3514.82,0.02,0.02
07.04.2021 08:19:18.804 GMT+0100,3520.262,3514.697,0.0075,0.02
07.04.2021 08:20:01.838 GMT+0100,3520.426,3515.492,0.02,0.0075
07.04.2021 08:20:01.888 GMT+0100,3521.467,3515.82,0.02,0.02
07.04.2021 08:20:15.232 GMT+0100,3520.508,3513.451,0.02,0.02
07.04.2021 08:20:15.283 GMT+0100,3520.1800000000003,3512.451,0.02,0.02
07.04.2021 08:20:15.769 GMT+0100,3519.5490000000004,3513,0.0075,0.0075
07.04.2021 08:20:15.820 GMT+0100,3519.262,3512,0.02,0.02
07.04.2021 08:20:16.268 GMT+0100,3518.262,3511.82,0.0075,0.0075
07.04.2021 08:20:16.319 GMT+0100,3518.262,3510.7790000000005,0.02,0.02
07.04.2021 08:20:16.846 GMT+0100,3519.221,3510.656,0.02,0.02
07.04.2021 08:20:18.081 GMT+0100,3515.262,3510.738,0.0075,0.02
07.04.2021 08:21:19.564 GMT+0100,3513.3440000000005,3510.7790000000005,0.0075,0.02
07.04.2021 08:21:28.660 GMT+0100,3513.5490000000004,3511.533,0.0075,0.0075
07.04.2021 08:21:28.710 GMT+0100,3518.1800000000003,3511.6150000000002,0.02,0.02
07.04.2021 08:21:29.060 GMT+0100,3518.3440000000005,3512.6150000000002,0.02,0.0075
07.04.2021 08:21:29.110 GMT+0100,3519.467,3512.492,0.02,0.02
07.04.2021 08:21:36.872 GMT+0100,3519.221,3513.82,0.0075,0.0075
07.04.2021 08:21:36.923 GMT+0100,3520.508,3513.5740000000005,0.02,0.02
07.04.2021 08:22:09.356 GMT+0100,3520.385,3514.697,0.02,0.02
07.04.2021 08:22:09.406 GMT+0100,3522.426,3515.7790000000005,0.02,0.02
07.04.2021 08:22:13.464 GMT+0100,3521.303,3515.5740000000005,0.0075,0.02
07.04.2021 08:22:14.889 GMT+0100,3522.303,3515.7790000000005,0.02,0.02
07.04.2021 08:22:25.735 GMT+0100,3521.262,3516,0.0075,0.0075
07.04.2021 08:22:25.785 GMT+0100,3521.508,3514.492,0.02,0.02
07.04.2021 08:22:25.962 GMT+0100,3520.1800000000003,3513.7790000000005,0.02,0.02
07.04.2021 08:22:26.518 GMT+0100,3521.1800000000003,3513.533,0.02,0.02
07.04.2021 08:22:37.051 GMT+0100,3519.5490000000004,3513.656,0.0075,0.0075
07.04.2021 08:22:37.102 GMT+0100,3519.467,3512.697,0.02,0.02
07.04.2021 08:22:40.580 GMT+0100,3519.303,3513.533,0.02,0.02
07.04.2021 08:22:45.485 GMT+0100,3520.467,3513.492,0.02,0.02
07.04.2021 08:23:04.532 GMT+0100,3519.303,3513.451,0.0075,0.02
07.04.2021 08:23:04.633 GMT+0100,3519.262,3512.451,0.02,0.02
07.04.2021 08:23:07.026 GMT+0100,3518.5490000000004,3512.7790000000005,0.02,0.02
07.04.2021 08:23:09.429 GMT+0100,3517.5490000000004,3512,0.02,0.02
07.04.2021 08:23:09.479 GMT+0100,3517.262,3510.738,0.02,0.02
07.04.2021 08:23:19.134 GMT+0100,3517,3511.6150000000002,0.02,0.0075
07.04.2021 08:23:36.726 GMT+0100,3517.3440000000005,3510.5740000000005,0.02,0.02
07.04.2021 08:23:48.728 GMT+0100,3517.303,3511.533,0.02,0.02
07.04.2021 08:23:49.454 GMT+0100,3518.221,3511.82,0.02,0.02
07.04.2021 08:23:58.092 GMT+0100,3517.303,3511.7790000000005,0.0075,0.0075
07.04.2021 08:23:58.142 GMT+0100,3517.303,3510.738,0.02,0.02
07.04.2021 08:24:09.068 GMT+0100,3518,3511.82,0.02,0.02
07.04.2021 08:24:13.042 GMT+0100,3517.303,3511.533,0.0075,0.0075
07.04.2021 08:24:13.092 GMT+0100,3517.467,3511,0.02,0.02
07.04.2021 08:24:31.498 GMT+0100,3518.5490000000004,3511.5740000000005,0.02,0.02
07.04.2021 08:24:32.604 GMT+0100,3517.5490000000004,3510.697,0.02,0.02
07.04.2021 08:24:45.019 GMT+0100,3517.426,3511.82,0.0075,0.0075
07.04.2021 08:24:45.069 GMT+0100,3518,3511.6150000000002,0.02,0.02
07.04.2021 08:24:48.480 GMT+0100,3517.1800000000003,3511.492,0.0075,0.0075
07.04.2021 08:24:48.530 GMT+0100,3517.467,3510.7790000000005,0.02,0.02
07.04.2021 08:24:59.067 GMT+0100,3517.3440000000005,3512.533,0.0075,0.0075
07.04.2021 08:24:59.118 GMT+0100,3519.1800000000003,3512.7790000000005,0.02,0.02
07.04.2021 08:24:59.168 GMT+0100,3518.467,3513,0.02,0.02
07.04.2021 08:24:59.218 GMT+0100,3519.508,3512.492,0.02,0.02
07.04.2021 08:24:59.498 GMT+0100,3518.5490000000004,3512.5740000000005,0.02,0.02
07.04.2021 08:24:59.623 GMT+0100,3519.303,3512.7790000000005,0.02,0.02
07.04.2021 08:25:02.472 GMT+0100,3518.3440000000005,3512.738,0.0075,0.02
07.04.2021 08:25:03.112 GMT+0100,3519.467,3512.82,0.02,0.02
07.04.2021 08:25:03.596 GMT+0100,3518.508,3512.533,0.0075,0.02
07.04.2021 08:25:04.453 GMT+0100,3519.426,3512.7790000000005,0.02,0.02
07.04.2021 08:25:22.907 GMT+0100,3519,3514,0.02,0.02
07.04.2021 08:25:25.435 GMT+0100,3518.508,3512.82,0.02,0.02
07.04.2021 08:25:29.008 GMT+0100,3516.3440000000005,3512.82,0.0075,0.02
07.04.2021 08:26:03.039 GMT+0100,3516.385,3513.6150000000002,0.02,0.02
07.04.2021 08:26:35.514 GMT+0100,3516.221,3512,0.02,0.02
07.04.2021 08:26:50.257 GMT+0100,3516.508,3514,0.0075,0.0075
07.04.2021 08:26:50.307 GMT+0100,3518.508,3512.5740000000005,0.02,0.02
07.04.2021 08:27:05.472 GMT+0100,3518.426,3514,0.02,0.02
07.04.2021 08:27:12.795 GMT+0100,3518.467,3513,0.02,0.02
07.04.2021 08:27:13.216 GMT+0100,3518.5490000000004,3513.533,0.02,0.02
07.04.2021 08:27:14.382 GMT+0100,3518.262,3512.6150000000002,0.02,0.02
07.04.2021 08:27:14.632 GMT+0100,3518.221,3514,0.02,0.02
07.04.2021 08:27:39.045 GMT+0100,3521.3440000000005,3515.492,0.02,0.02
07.04.2021 08:27:39.096 GMT+0100,3523.385,3516.5740000000005,0.02,0.02
07.04.2021 08:27:45.145 GMT+0100,3521.303,3516.656,0.02,0.02
07.04.2021 08:28:05.945 GMT+0100,3521.303,3517.451,0.02,0.02
07.04.2021 08:29:21.291 GMT+0100,3521.221,3519.451,0.0075,0.0075
07.04.2021 08:29:21.341 GMT+0100,3523.3440000000005,3520,0.02,0.02
07.04.2021 08:29:27.150 GMT+0100,3521.262,3519.656,0.02,0.02
07.04.2021 08:29:33.346 GMT+0100,3525.426,3519.6150000000002,0.02,0.02
07.04.2021 08:29:52.608 GMT+0100,3525.385,3520.738,0.02,0.02
07.04.2021 08:29:56.568 GMT+0100,3525.385,3519.656,0.02,0.02
07.04.2021 08:30:03.220 GMT+0100,3525.508,3520.7790000000005,0.02,0.0075
07.04.2021 08:30:10.305 GMT+0100,3525.5490000000004,3522.697,0.02,0.02
07.04.2021 08:30:10.636 GMT+0100,3528,3522.82,0.02,0.02
07.04.2021 08:30:10.687 GMT+0100,3529.5490000000004,3523.7790000000005,0.02,0.02
07.04.2021 08:30:11.285 GMT+0100,3529.303,3524.5740000000005,0.0075,0.0075
07.04.2021 08:30:11.336 GMT+0100,3532.426,3526.5740000000005,0.02,0.02
07.04.2021 08:30:12.510 GMT+0100,3532.3440000000005,3525.5740000000005,0.02,0.02
07.04.2021 08:30:12.906 GMT+0100,3531,3525.6150000000002,0.0075,0.02
07.04.2021 08:30:13.006 GMT+0100,3532.3440000000005,3525.5740000000005,0.02,0.02
07.04.2021 08:30:17.474 GMT+0100,3532.5490000000004,3527.7790000000005,0.02,0.0075
07.04.2021 08:30:17.525 GMT+0100,3533.1800000000003,3527.451,0.02,0.02
07.04.2021 08:30:17.625 GMT+0100,3534.5490000000004,3527.492,0.02,0.02
07.04.2021 08:30:17.926 GMT+0100,3533.262,3527.5740000000005,0.0075,0.02
07.04.2021 08:30:19.088 GMT+0100,3534.385,3527.5740000000005,0.02,0.02
07.04.2021 08:30:22.070 GMT+0100,3533.1800000000003,3527.5740000000005,0.02,0.02
07.04.2021 08:30:40.000 GMT+0100,3532.467,3528,0.0075,0.02
07.04.2021 08:30:41.480 GMT+0100,3529.508,3527.533,0.0075,0.0075
07.04.2021 08:30:41.530 GMT+0100,3529.385,3523,0.02,0.02
07.04.2021 08:30:41.642 GMT+0100,3529.3440000000005,3525.738,0.0075,0.0075
07.04.2021 08:30:41.715 GMT+0100,3530.385,3525.6150000000002,0.02,0.02
07.04.2021 08:30:50.075 GMT+0100,3530.303,3523.656,0.02,0.02
07.04.2021 08:30:56.926 GMT+0100,3527.262,3523.656,0.0075,0.0075
07.04.2021 08:30:56.976 GMT+0100,3527,3520.492,0.02,0.02
07.04.2021 08:30:57.093 GMT+0100,3525.385,3520.656,0.0075,0.0075
07.04.2021 08:30:57.144 GMT+0100,3525.1800000000003,3519.5740000000005,0.02,0.02
07.04.2021 08:30:57.753 GMT+0100,3525.5490000000004,3518.82,0.02,0.02
07.04.2021 08:30:58.801 GMT+0100,3525.3440000000005,3519.7790000000005,0.02,0.02
07.04.2021 08:31:01.411 GMT+0100,3525.508,3518.82,0.02,0.02
07.04.2021 08:31:01.976 GMT+0100,3525.221,3520,0.02,0.0075
07.04.2021 08:31:03.147 GMT+0100,3525.5490000000004,3518.5740000000005,0.02,0.02
07.04.2021 08:31:06.012 GMT+0100,3525.303,3519.533,0.0075,0.0075
07.04.2021 08:31:06.062 GMT+0100,3526.467,3519.656,0.02,0.02
07.04.2021 08:31:54.425 GMT+0100,3525.5490000000004,3518.5740000000005,0.02,0.02
07.04.2021 08:32:07.651 GMT+0100,3522.303,3518.533,0.02,0.02
07.04.2021 08:32:12.424 GMT+0100,3522,3515.533,0.02,0.02
07.04.2021 08:32:18.300 GMT+0100,3519.5490000000004,3514.656,0.02,0.02
07.04.2021 08:32:18.534 GMT+0100,3519.426,3515.451,0.02,0.02
07.04.2021 08:32:19.122 GMT+0100,3519.221,3514.533,0.02,0.02
07.04.2021 08:32:19.336 GMT+0100,3519.426,3515.7790000000005,0.02,0.0075
07.04.2021 08:32:19.750 GMT+0100,3519.385,3514.492,0.02,0.02
07.04.2021 08:33:06.734 GMT+0100,3522.508,3517.656,0.02,0.02
07.04.2021 08:33:18.214 GMT+0100,3520.508,3517.656,0.0075,0.0075
07.04.2021 08:33:18.265 GMT+0100,3518.262,3510.5740000000005,0.02,0.02
07.04.2021 08:33:18.595 GMT+0100,3517.262,3511,0.0075,0.02
07.04.2021 08:33:21.225 GMT+0100,3518.426,3511.82,0.02,0.02
07.04.2021 08:33:26.182 GMT+0100,3519.467,3511.451,0.02,0.02
07.04.2021 08:33:26.507 GMT+0100,3518.262,3511.451,0.0075,0.02
07.04.2021 08:33:26.657 GMT+0100,3519.221,3511.6150000000002,0.02,0.02
07.04.2021 08:33:41.328 GMT+0100,3517.508,3511.697,0.02,0.02
07.04.2021 08:35:09.441 GMT+0100,3517.303,3513.6150000000002,0.0075,0.0075
07.04.2021 08:35:09.491 GMT+0100,3519.467,3513.492,0.02,0.02
07.04.2021 08:35:13.867 GMT+0100,3518.5490000000004,3512.6150000000002,0.02,0.02
07.04.2021 08:35:21.345 GMT+0100,3516.3440000000005,3512.6150000000002,0.0075,0.0075
07.04.2021 08:35:21.395 GMT+0100,3516.303,3511.697,0.02,0.02
07.04.2021 08:35:30.781 GMT+0100,3516.467,3509,0.02,0.02
07.04.2021 08:35:31.360 GMT+0100,3516.426,3509.656,0.02,0.0075
07.04.2021 08:38:05.868 GMT+0100,3514.467,3509.656,0.0075,0.02
07.04.2021 08:39:03.128 GMT+0100,3514.221,3511.697,0.0075,0.0075
07.04.2021 08:39:03.178 GMT+0100,3518.303,3511.5740000000005,0.02,0.02
07.04.2021 08:39:03.229 GMT+0100,3517.221,3511.82,0.02,0.02
07.04.2021 08:39:09.050 GMT+0100,3518.508,3511.738,0.02,0.02
07.04.2021 08:39:11.033 GMT+0100,3518.3440000000005,3512.451,0.02,0.0075
07.04.2021 08:39:16.017 GMT+0100,3518.467,3514.451,0.0075,0.0075
07.04.2021 08:39:16.067 GMT+0100,3521.5490000000004,3514.7790000000005,0.02,0.02
07.04.2021 08:39:32.020 GMT+0100,3521.262,3515.738,0.02,0.02
07.04.2021 08:39:47.270 GMT+0100,3520.1800000000003,3515.697,0.0075,0.02
07.04.2021 08:39:57.302 GMT+0100,3520.467,3514.82,0.02,0.02
07.04.2021 08:40:00.021 GMT+0100,3520.508,3515.738,0.02,0.02
07.04.2021 08:40:00.072 GMT+0100,3520.303,3514.5740000000005,0.02,0.02
07.04.2021 08:40:01.117 GMT+0100,3520.385,3515.6150000000002,0.02,0.0075
07.04.2021 08:40:04.151 GMT+0100,3521,3516.5740000000005,0.02,0.02
07.04.2021 08:40:04.201 GMT+0100,3523.262,3516.738,0.02,0.02
07.04.2021 08:40:04.252 GMT+0100,3522.426,3516,0.02,0.02
07.04.2021 08:40:15.386 GMT+0100,3522.1800000000003,3516.656,0.0075,0.02
07.04.2021 08:40:15.436 GMT+0100,3523.221,3516.533,0.02,0.02
07.04.2021 08:40:21.489 GMT+0100,3522,3516.451,0.0075,0.0075
07.04.2021 08:40:21.540 GMT+0100,3522.3440000000005,3515.697,0.02,0.02
07.04.2021 08:40:34.180 GMT+0100,3522.426,3516.697,0.02,0.0075
07.04.2021 08:40:47.328 GMT+0100,3522.5490000000004,3515.492,0.02,0.02
07.04.2021 08:41:08.440 GMT+0100,3521.5490000000004,3515.738,0.02,0.02
07.04.2021 08:41:10.525 GMT+0100,3520.3440000000005,3515.533,0.0075,0.02
07.04.2021 08:41:16.443 GMT+0100,3520.467,3516.7790000000005,0.0075,0.0075
07.04.2021 08:41:16.493 GMT+0100,3522.221,3516.6150000000002,0.02,0.02
07.04.2021 08:41:16.543 GMT+0100,3522.303,3517.492,0.02,0.02
07.04.2021 08:41:22.796 GMT+0100,3522.508,3519,0.02,0.0075
07.04.2021 08:41:59.604 GMT+0100,3521.3440000000005,3518.492,0.0075,0.02
07.04.2021 08:42:01.112 GMT+0100,3520,3518.492,0.0075,0.0075
07.04.2021 08:42:01.163 GMT+0100,3519.1800000000003,3513.82,0.02,0.02
07.04.2021 08:42:04.116 GMT+0100,3519.1800000000003,3514.738,0.02,0.0075
07.04.2021 08:42:35.377 GMT+0100,3518.303,3514.451,0.0075,0.02
07.04.2021 08:42:35.427 GMT+0100,3517.3440000000005,3512.697,0.02,0.02
07.04.2021 08:42:51.025 GMT+0100,3517.262,3511.7790000000005,0.02,0.02
07.04.2021 08:42:55.849 GMT+0100,3517.508,3512.451,0.02,0.0075
07.04.2021 08:43:00.263 GMT+0100,3517.426,3511.533,0.02,0.02
07.04.2021 08:43:07.501 GMT+0100,3517.426,3512.451,0.02,0.02
07.04.2021 08:43:09.217 GMT+0100,3517.467,3511.5740000000005,0.02,0.02
07.04.2021 08:43:34.167 GMT+0100,3517.1800000000003,3512.7790000000005,0.02,0.02
07.04.2021 08:43:36.079 GMT+0100,3517,3511.451,0.02,0.02
07.04.2021 08:43:37.121 GMT+0100,3517.467,3512.7790000000005,0.02,0.0075
07.04.2021 08:43:46.226 GMT+0100,3517.303,3511.697,0.02,0.02
07.04.2021 08:43:47.085 GMT+0100,3517.385,3512.492,0.02,0.0075
07.04.2021 08:43:51.338 GMT+0100,3517.262,3511.697,0.02,0.02
07.04.2021 08:44:10.284 GMT+0100,3517.262,3512.533,0.02,0.02
07.04.2021 08:44:10.459 GMT+0100,3517.303,3511.6150000000002,0.02,0.02
07.04.2021 08:44:11.591 GMT+0100,3517.3440000000005,3512.451,0.02,0.02
07.04.2021 08:44:12.531 GMT+0100,3517.5490000000004,3511.533,0.02,0.02
07.04.2021 08:44:21.746 GMT+0100,3517.262,3512.533,0.02,0.02
07.04.2021 08:44:25.982 GMT+0100,3517.221,3512,0.02,0.02
07.04.2021 08:44:27.912 GMT+0100,3517.385,3512.533,0.02,0.02
07.04.2021 08:44:30.800 GMT+0100,3517.3440000000005,3511.533,0.02,0.02
07.04.2021 08:44:32.318 GMT+0100,3517.262,3512.82,0.02,0.02
07.04.2021 08:44:43.169 GMT+0100,3517.467,3513.697,0.02,0.0075
07.04.2021 08:44:43.346 GMT+0100,3517.5490000000004,3512.451,0.02,0.02
07.04.2021 08:45:13.059 GMT+0100,3516.303,3511.697,0.02,0.02
07.04.2021 08:45:13.109 GMT+0100,3516,3510.492,0.02,0.02
07.04.2021 08:45:13.159 GMT+0100,3516.385,3511.656,0.02,0.02
07.04.2021 08:45:59.343 GMT+0100,3516.262,3512.451,0.0075,0.0075
07.04.2021 08:45:59.393 GMT+0100,3517.1800000000003,3512.697,0.02,0.02
07.04.2021 08:46:06.253 GMT+0100,3517.221,3511.6150000000002,0.02,0.02
07.04.2021 08:46:06.304 GMT+0100,3516.3440000000005,3511.492,0.02,0.02
07.04.2021 08:46:17.302 GMT+0100,3517.426,3511.82,0.02,0.02
07.04.2021 08:46:18.106 GMT+0100,3516.426,3511.533,0.0075,0.02
07.04.2021 08:46:28.706 GMT+0100,3517.303,3511.451,0.02,0.02
07.04.2021 08:46:29.170 GMT+0100,3517.426,3513.82,0.02,0.0075
07.04.2021 08:46:29.330 GMT+0100,3517.508,3512.533,0.02,0.02
07.04.2021 08:47:05.502 GMT+0100,3516.385,3512.5740000000005,0.0075,0.02
07.04.2021 08:47:05.603 GMT+0100,3516,3511.82,0.02,0.02
07.04.2021 08:47:05.653 GMT+0100,3516.221,3512.533,0.02,0.02
07.04.2021 08:47:05.703 GMT+0100,3515.467,3510.451,0.02,0.02
07.04.2021 08:47:07.735 GMT+0100,3515.5490000000004,3511.533,0.0075,0.0075
07.04.2021 08:47:07.785 GMT+0100,3516.5490000000004,3512,0.02,0.02
07.04.2021 08:47:40.900 GMT+0100,3515.385,3510.533,0.02,0.02
07.04.2021 08:47:51.272 GMT+0100,3515.508,3513.451,0.0075,0.0075
07.04.2021 08:47:51.322 GMT+0100,3520.3440000000005,3514.7790000000005,0.02,0.02
07.04.2021 08:47:51.373 GMT+0100,3521.262,3515.7790000000005,0.02,0.02
07.04.2021 08:47:54.276 GMT+0100,3520.508,3515.5740000000005,0.0075,0.02
07.04.2021 08:47:57.075 GMT+0100,3520.385,3514.82,0.02,0.02
07.04.2021 08:47:59.029 GMT+0100,3520.385,3515.533,0.02,0.0075
07.04.2021 08:48:11.511 GMT+0100,3521.221,3516,0.02,0.02
07.04.2021 08:48:11.659 GMT+0100,3522.221,3516.697,0.02,0.02
07.04.2021 08:48:12.652 GMT+0100,3522.5490000000004,3517.697,0.0075,0.0075
07.04.2021 08:48:12.702 GMT+0100,3523.5490000000004,3517.533,0.02,0.02
07.04.2021 08:48:13.244 GMT+0100,3522.1800000000003,3516.738,0.02,0.02
07.04.2021 08:48:15.906 GMT+0100,3521,3515.738,0.02,0.02
07.04.2021 08:48:22.712 GMT+0100,3520.262,3516.533,0.02,0.0075
07.04.2021 08:48:22.813 GMT+0100,3520.426,3515.697,0.02,0.02
07.04.2021 08:48:37.042 GMT+0100,3518.385,3515.5740000000005,0.0075,0.0075
07.04.2021 08:48:40.531 GMT+0100,3517.426,3515.533,0.0075,0.0075
07.04.2021 08:48:40.581 GMT+0100,3517,3512.697,0.02,0.02
07.04.2021 08:48:47.041 GMT+0100,3517.426,3513.5740000000005,0.02,0.0075
07.04.2021 08:49:06.921 GMT+0100,3517.221,3514.492,0.0075,0.0075
07.04.2021 08:49:06.972 GMT+0100,3520.221,3514.656,0.02,0.02
07.04.2021 08:49:10.130 GMT+0100,3520.303,3515.82,0.02,0.0075
07.04.2021 08:49:25.156 GMT+0100,3520,3516.7790000000005,0.0075,0.0075
07.04.2021 08:49:25.206 GMT+0100,3522.467,3516.738,0.02,0.02
07.04.2021 08:49:36.851 GMT+0100,3521.221,3516.656,0.02,0.02
07.04.2021 08:49:36.902 GMT+0100,3521.1800000000003,3515.697,0.02,0.02
07.04.2021 08:49:59.628 GMT+0100,3519.303,3515.451,0.02,0.02
07.04.2021 08:50:31.076 GMT+0100,3520.385,3515.533,0.02,0.02
07.04.2021 08:50:31.127 GMT+0100,3521.262,3515.738,0.02,0.02
07.04.2021 08:50:37.516 GMT+0100,3521.385,3516.533,0.0075,0.0075
07.04.2021 08:50:37.566 GMT+0100,3522.385,3516.82,0.02,0.02
07.04.2021 08:50:41.408 GMT+0100,3521.508,3516.533,0.02,0.02
07.04.2021 08:50:48.469 GMT+0100,3522.1800000000003,3516.697,0.02,0.02
07.04.2021 08:50:48.721 GMT+0100,3520.221,3515.533,0.02,0.02
07.04.2021 08:50:48.771 GMT+0100,3521.5490000000004,3514.6150000000002,0.02,0.02
07.04.2021 08:51:08.392 GMT+0100,3520.385,3515,0.02,0.02
07.04.2021 08:51:25.759 GMT+0100,3520,3513.7790000000005,0.02,0.02
07.04.2021 08:51:26.156 GMT+0100,3520.426,3514.492,0.02,0.0075
07.04.2021 08:51:33.811 GMT+0100,3521.508,3514.82,0.02,0.02
07.04.2021 08:51:37.172 GMT+0100,3521.221,3515.82,0.02,0.0075
07.04.2021 08:51:37.450 GMT+0100,3521,3514.6150000000002,0.02,0.02
07.04.2021 08:51:49.374 GMT+0100,3521.508,3515.451,0.02,0.0075
07.04.2021 08:51:49.704 GMT+0100,3521.221,3516.451,0.02,0.0075
07.04.2021 08:51:49.754 GMT+0100,3522.303,3516.533,0.02,0.02
07.04.2021 08:51:50.613 GMT+0100,3521.467,3516.738,0.0075,0.0075
07.04.2021 08:51:50.663 GMT+0100,3521,3515.6150000000002,0.02,0.02
07.04.2021 08:51:51.680 GMT+0100,3521.221,3520.533,0.0075,0.0075
07.04.2021 08:51:51.730 GMT+0100,3526.467,3520.738,0.02,0.02
07.04.2021 08:51:51.781 GMT+0100,3527.426,3520.492,0.02,0.02
07.04.2021 08:51:54.671 GMT+0100,3526,3521,0.02,0.02
07.04.2021 08:52:21.396 GMT+0100,3526.303,3522.7790000000005,0.0075,0.0075
07.04.2021 08:52:21.446 GMT+0100,3528,3522.7790000000005,0.02,0.02
07.04.2021 08:52:44.275 GMT+0100,3526.262,3522.697,0.0075,0.02
07.04.2021 08:52:44.642 GMT+0100,3527.303,3522.492,0.02,0.02
07.04.2021 08:53:01.531 GMT+0100,3526.3440000000005,3522.7790000000005,0.0075,0.02
07.04.2021 08:53:03.587 GMT+0100,3527.508,3522.451,0.02,0.02
07.04.2021 08:53:24.288 GMT+0100,3528.303,3523.6150000000002,0.02,0.02
07.04.2021 08:53:48.590 GMT+0100,3527.262,3523.6150000000002,0.0075,0.02
07.04.2021 08:54:01.155 GMT+0100,3528,3523.6150000000002,0.02,0.02
07.04.2021 08:54:01.499 GMT+0100,3527.262,3523.738,0.0075,0.02
07.04.2021 08:54:09.042 GMT+0100,3528.262,3523.7790000000005,0.02,0.02
07.04.2021 08:54:17.548 GMT+0100,3527.262,3523.7790000000005,0.0075,0.02
07.04.2021 08:54:17.928 GMT+0100,3528.3440000000005,3523.656,0.02,0.02
07.04.2021 08:54:58.792 GMT+0100,3527.303,3523.7790000000005,0.0075,0.02
07.04.2021 08:54:58.896 GMT+0100,3528.385,3523.7790000000005,0.02,0.02
07.04.2021 08:55:05.683 GMT+0100,3527.508,3523.6150000000002,0.02,0.02
07.04.2021 08:55:07.922 GMT+0100,3525.1800000000003,3523.5740000000005,0.0075,0.0075
07.04.2021 08:55:07.972 GMT+0100,3525.385,3521.82,0.02,0.02
07.04.2021 08:55:08.122 GMT+0100,3526.3440000000005,3521.533,0.02,0.02
07.04.2021 08:55:09.821 GMT+0100,3525.385,3520.533,0.02,0.02
07.04.2021 08:55:09.922 GMT+0100,3525.262,3521.7790000000005,0.02,0.02
07.04.2021 08:55:09.996 GMT+0100,3525.385,3520.697,0.02,0.02
07.04.2021 08:55:11.304 GMT+0100,3524.221,3520.738,0.0075,0.0075
07.04.2021 08:55:11.355 GMT+0100,3524.426,3519.451,0.02,0.02
07.04.2021 08:55:24.203 GMT+0100,3524.508,3518.656,0.02,0.02
07.04.2021 08:55:24.318 GMT+0100,3524.3440000000005,3520,0.02,0.02
07.04.2021 08:55:24.438 GMT+0100,3524.303,3518.451,0.02,0.02
07.04.2021 08:55:24.501 GMT+0100,3524.467,3519.7790000000005,0.02,0.0075
07.04.2021 08:55:25.348 GMT+0100,3524.221,3518.82,0.02,0.02
07.04.2021 08:55:27.433 GMT+0100,3523.303,3518.533,0.02,0.02
07.04.2021 08:55:27.484 GMT+0100,3523.221,3517.451,0.02,0.02
07.04.2021 08:55:28.003 GMT+0100,3522.426,3517.697,0.0075,0.0075
07.04.2021 08:55:28.054 GMT+0100,3522.221,3516.533,0.02,0.02
07.04.2021 08:55:29.414 GMT+0100,3522,3517.451,0.02,0.02
07.04.2021 08:56:03.206 GMT+0100,3522.426,3516.533,0.02,0.02
07.04.2021 08:56:03.329 GMT+0100,3522.262,3517.6150000000002,0.02,0.0075
07.04.2021 08:56:04.230 GMT+0100,3522,3516.656,0.02,0.02
07.04.2021 08:56:04.280 GMT+0100,3522.426,3517.451,0.02,0.02
07.04.2021 08:56:04.404 GMT+0100,3522.3440000000005,3516.7790000000005,0.02,0.02
07.04.2021 08:56:08.695 GMT+0100,3522.385,3517.451,0.02,0.0075
07.04.2021 08:56:31.665 GMT+0100,3521.5490000000004,3516.492,0.02,0.02
07.04.2021 08:56:42.130 GMT+0100,3521.303,3517.451,0.02,0.02
07.04.2021 08:56:42.308 GMT+0100,3521.426,3516.7790000000005,0.02,0.02
07.04.2021 08:56:43.029 GMT+0100,3521.1800000000003,3518,0.02,0.0075
07.04.2021 08:56:45.289 GMT+0100,3521.426,3517,0.02,0.02
07.04.2021 08:57:00.196 GMT+0100,3521.467,3515.82,0.02,0.02
07.04.2021 08:57:00.246 GMT+0100,3520.5490000000004,3515.533,0.02,0.02
07.04.2021 08:57:00.297 GMT+0100,3520.508,3514.492,0.02,0.02
07.04.2021 08:57:00.347 GMT+0100,3520.1800000000003,3515.738,0.02,0.02
07.04.2021 08:57:36.670 GMT+0100,3519,3514.656,0.02,0.02
07.04.2021 08:57:36.779 GMT+0100,3520.426,3514.5740000000005,0.02,0.02
07.04.2021 08:57:46.722 GMT+0100,3520.303,3515.6150000000002,0.02,0.0075
07.04.2021 08:57:47.742 GMT+0100,3519.303,3515.451,0.0075,0.0075
07.04.2021 08:57:47.792 GMT+0100,3519.262,3514.533,0.02,0.02
07.04.2021 08:57:47.843 GMT+0100,3520.3440000000005,3514.7790000000005,0.02,0.02
07.04.2021 08:57:48.192 GMT+0100,3520.426,3515.492,0.02,0.0075
07.04.2021 08:57:58.234 GMT+0100,3522.426,3516.82,0.02,0.02
07.04.2021 08:57:58.284 GMT+0100,3524.262,3519.738,0.02,0.02
07.04.2021 08:57:58.467 GMT+0100,3525.385,3520,0.02,0.02
07.04.2021 08:57:59.400 GMT+0100,3524.508,3519.492,0.02,0.02
07.04.2021 08:58:01.940 GMT+0100,3523.426,3519.7790000000005,0.02,0.02
07.04.2021 08:58:05.053 GMT+0100,3520.262,3519.656,0.0075,0.0075
07.04.2021 08:58:05.103 GMT+0100,3520.385,3514.7790000000005,0.02,0.02
07.04.2021 08:58:06.078 GMT+0100,3519.5490000000004,3514.6150000000002,0.0075,0.0075
07.04.2021 08:58:06.128 GMT+0100,3519.385,3513.697,0.02,0.02
07.04.2021 08:58:08.342 GMT+0100,3519.303,3514.697,0.02,0.0075
07.04.2021 08:58:08.392 GMT+0100,3520.3440000000005,3514.82,0.02,0.02
07.04.2021 08:58:12.367 GMT+0100,3517.467,3514.82,0.0075,0.02
07.04.2021 08:58:12.467 GMT+0100,3519.221,3515,0.02,0.02
07.04.2021 08:58:12.518 GMT+0100,3520,3514.697,0.02,0.02
07.04.2021 08:58:14.353 GMT+0100,3519.3440000000005,3514.451,0.0075,0.02
07.04.2021 08:58:14.404 GMT+0100,3520,3515,0.02,0.02
07.04.2021 08:58:14.454 GMT+0100,3519.221,3515,0.02,0.02
07.04.2021 08:58:14.613 GMT+0100,3520.385,3515,0.02,0.02
07.04.2021 08:59:11.992 GMT+0100,3519.508,3514.492,0.0075,0.02
07.04.2021 08:59:12.114 GMT+0100,3520.5490000000004,3514.656,0.02,0.02
07.04.2021 08:59:12.982 GMT+0100,3519.3440000000005,3514.697,0.0075,0.02
07.04.2021 08:59:13.033 GMT+0100,3519,3513.7790000000005,0.02,0.02
07.04.2021 08:59:13.084 GMT+0100,3519.262,3514.738,0.0075,0.0075
07.04.2021 08:59:19.062 GMT+0100,3520.508,3514.656,0.02,0.02
07.04.2021 08:59:19.112 GMT+0100,3519.5490000000004,3514.738,0.02,0.02
07.04.2021 08:59:19.163 GMT+0100,3520.5490000000004,3514.697,0.02,0.02
07.04.2021 08:59:20.847 GMT+0100,3519.1800000000003,3514.451,0.0075,0.02
07.04.2021 08:59:22.732 GMT+0100,3518,3513.533,0.02,0.02
07.04.2021 08:59:22.833 GMT+0100,3519.467,3513.492,0.02,0.02
07.04.2021 08:59:37.386 GMT+0100,3519.467,3514.697,0.02,0.0075
07.04.2021 08:59:42.204 GMT+0100,3518.1800000000003,3514.697,0.0075,0.0075
07.04.2021 08:59:42.254 GMT+0100,3518.1800000000003,3513.738,0.02,0.02
07.04.2021 08:59:43.056 GMT+0100,3519.3440000000005,3514.6150000000002,0.02,0.0075
07.04.2021 08:59:46.660 GMT+0100,3518,3515,0.0075,0.02
07.04.2021 08:59:47.412 GMT+0100,3517.303,3513.82,0.02,0.02
07.04.2021 08:59:50.167 GMT+0100,3518.508,3513.451,0.02,0.02
07.04.2021 08:59:54.667 GMT+0100,3516.1800000000003,3513.451,0.0075,0.02
07.04.2021 09:00:09.761 GMT+0100,3519.508,3514.656,0.02,0.02
07.04.2021 09:00:16.009 GMT+0100,3518.426,3514.697,0.0075,0.0075
07.04.2021 09:00:16.060 GMT+0100,3518.303,3513.6150000000002,0.02,0.02
07.04.2021 09:00:17.498 GMT+0100,3518.221,3514.492,0.02,0.0075
07.04.2021 09:00:17.548 GMT+0100,3518.262,3513.6150000000002,0.02,0.02
07.04.2021 09:01:03.594 GMT+0100,3518,3514.451,0.02,0.0075
07.04.2021 09:01:07.405 GMT+0100,3518.385,3513.7790000000005,0.02,0.02
07.04.2021 09:01:34.988 GMT+0100,3518.426,3514.738,0.02,0.0075
07.04.2021 09:01:35.039 GMT+0100,3520.426,3515.6150000000002,0.02,0.02
07.04.2021 09:01:35.754 GMT+0100,3521.426,3515.6150000000002,0.02,0.02
07.04.2021 09:01:51.218 GMT+0100,3520.508,3515.6150000000002,0.0075,0.02
07.04.2021 09:02:02.137 GMT+0100,3520.221,3516.738,0.0075,0.0075
07.04.2021 09:02:02.187 GMT+0100,3521.467,3516.451,0.02,0.02
07.04.2021 09:02:02.238 GMT+0100,3522.508,3517.697,0.02,0.02
07.04.2021 09:02:10.684 GMT+0100,3522.5490000000004,3519,0.02,0.02
07.04.2021 09:02:10.734 GMT+0100,3523.3440000000005,3519,0.02,0.02
07.04.2021 09:02:12.751 GMT+0100,3523.1800000000003,3517.492,0.02,0.02
07.04.2021 09:02:13.712 GMT+0100,3522.262,3518,0.0075,0.02
07.04.2021 09:02:17.654 GMT+0100,3523.1800000000003,3517.656,0.02,0.02
07.04.2021 09:02:23.686 GMT+0100,3522,3517.6150000000002,0.0075,0.02
07.04.2021 09:02:23.736 GMT+0100,3522,3517,0.02,0.02
07.04.2021 09:02:42.888 GMT+0100,3523.3440000000005,3517.697,0.02,0.02
07.04.2021 09:02:56.121 GMT+0100,3522.3440000000005,3517.697,0.0075,0.02
07.04.2021 09:02:56.171 GMT+0100,3522,3516.533,0.02,0.02
07.04.2021 09:03:05.967 GMT+0100,3522.221,3517.6150000000002,0.02,0.0075
07.04.2021 09:03:07.513 GMT+0100,3522.385,3516.7790000000005,0.02,0.02
07.04.2021 09:03:22.026 GMT+0100,3522.221,3517.697,0.02,0.0075
07.04.2021 09:03:24.223 GMT+0100,3522.508,3516.6150000000002,0.02,0.02
07.04.2021 09:04:00.999 GMT+0100,3522.303,3517.492,0.02,0.02
07.04.2021 09:04:03.054 GMT+0100,3522.467,3516.82,0.02,0.02
07.04.2021 09:04:20.729 GMT+0100,3522.1800000000003,3517.5740000000005,0.02,0.0075
07.04.2021 09:05:01.962 GMT+0100,3519.3440000000005,3517.533,0.0075,0.0075
07.04.2021 09:05:02.012 GMT+0100,3519.385,3516.5740000000005,0.02,0.02
07.04.2021 09:05:02.063 GMT+0100,3519.508,3515.6150000000002,0.02,0.02
07.04.2021 09:05:07.125 GMT+0100,3521.221,3516.7790000000005,0.02,0.02
07.04.2021 09:05:17.154 GMT+0100,3521.1800000000003,3515.82,0.02,0.02
07.04.2021 09:05:21.144 GMT+0100,3521,3516.82,0.02,0.0075
07.04.2021 09:05:36.681 GMT+0100,3521.426,3517.697,0.02,0.02
07.04.2021 09:05:36.783 GMT+0100,3521.262,3516.533,0.02,0.02
07.04.2021 09:05:45.672 GMT+0100,3520.467,3516.738,0.0075,0.0075
07.04.2021 09:05:45.722 GMT+0100,3520.303,3515.492,0.02,0.02
07.04.2021 09:05:51.806 GMT+0100,3520.5490000000004,3516.697,0.02,0.0075
07.04.2021 09:05:51.857 GMT+0100,3521.385,3517,0.02,0.02
07.04.2021 09:06:59.855 GMT+0100,3520.385,3515.738,0.02,0.02
07.04.2021 09:07:13.456 GMT+0100,3521.426,3516.5740000000005,0.02,0.02
07.04.2021 09:07:23.700 GMT+0100,3520.303,3515.7790000000005,0.02,0.02
07.04.2021 09:07:35.313 GMT+0100,3519.221,3515.82,0.02,0.02
07.04.2021 09:07:35.404 GMT+0100,3520.426,3515.7790000000005,0.02,0.02
07.04.2021 09:08:01.730 GMT+0100,3520.3440000000005,3517,0.02,0.02
07.04.2021 09:08:04.243 GMT+0100,3520,3516,0.02,0.02
07.04.2021 09:08:05.837 GMT+0100,3520.426,3516.82,0.02,0.02
07.04.2021 09:08:17.562 GMT+0100,3519.5490000000004,3516.7790000000005,0.0075,0.0075
07.04.2021 09:08:17.612 GMT+0100,3519.385,3515.5740000000005,0.02,0.02
07.04.2021 09:08:17.663 GMT+0100,3519.5490000000004,3514.6150000000002,0.02,0.02
07.04.2021 09:08:32.678 GMT+0100,3519.426,3513.738,0.02,0.02
07.04.2021 09:08:34.189 GMT+0100,3519.467,3514.82,0.02,0.0075
07.04.2021 09:08:42.938 GMT+0100,3519,3515.656,0.02,0.02
07.04.2021 09:08:43.700 GMT+0100,3519.221,3514.533,0.02,0.02
07.04.2021 09:09:02.111 GMT+0100,3519.3440000000005,3515.738,0.02,0.02
07.04.2021 09:09:02.278 GMT+0100,3519.221,3515,0.02,0.02
07.04.2021 09:09:02.455 GMT+0100,3519.1800000000003,3515.7790000000005,0.02,0.0075
07.04.2021 09:09:26.956 GMT+0100,3519.5490000000004,3515,0.02,0.02
07.04.2021 09:09:55.449 GMT+0100,3518.303,3514.738,0.0075,0.0075
07.04.2021 09:09:55.499 GMT+0100,3518.303,3513.533,0.02,0.02
07.04.2021 09:09:59.497 GMT+0100,3518.221,3514.533,0.0075,0.0075
07.04.2021 09:09:59.548 GMT+0100,3519.221,3514.5740000000005,0.02,0.02
07.04.2021 09:09:59.981 GMT+0100,3518.508,3514.7790000000005,0.0075,0.02
07.04.2021 09:10:00.031 GMT+0100,3518.1800000000003,3513.7790000000005,0.02,0.02
07.04.2021 09:10:07.136 GMT+0100,3518.221,3515,0.02,0.0075
07.04.2021 09:10:09.263 GMT+0100,3518.3440000000005,3513.697,0.02,0.02
07.04.2021 09:10:09.625 GMT+0100,3518,3514.7790000000005,0.02,0.02
07.04.2021 09:10:15.408 GMT+0100,3518.426,3513.7790000000005,0.02,0.02
07.04.2021 09:10:17.447 GMT+0100,3517.508,3513.5740000000005,0.0075,0.02
07.04.2021 09:10:31.309 GMT+0100,3517.221,3512.5740000000005,0.02,0.02
07.04.2021 09:10:39.254 GMT+0100,3515.467,3512.451,0.02,0.02
07.04.2021 09:11:02.844 GMT+0100,3515.3440000000005,3513.7790000000005,0.0075,0.0075
07.04.2021 09:11:02.895 GMT+0100,3518.467,3513.738,0.02,0.02
07.04.2021 09:11:03.181 GMT+0100,3518,3512.738,0.02,0.02
07.04.2021 09:11:05.951 GMT+0100,3518.508,3513.656,0.02,0.0075
07.04.2021 09:11:11.638 GMT+0100,3518.426,3514.492,0.0075,0.0075
07.04.2021 09:11:11.689 GMT+0100,3519.262,3514.82,0.02,0.02
07.04.2021 09:11:13.553 GMT+0100,3520.1800000000003,3514.7790000000005,0.02,0.02
07.04.2021 09:11:14.668 GMT+0100,3519.221,3514.492,0.0075,0.02
07.04.2021 09:11:18.559 GMT+0100,3520,3514.6150000000002,0.02,0.02
07.04.2021 09:11:19.821 GMT+0100,3519.467,3514.738,0.02,0.02
07.04.2021 09:11:57.465 GMT+0100,3519.385,3515.533,0.0075,0.0075
07.04.2021 09:11:57.515 GMT+0100,3520.467,3515.7790000000005,0.02,0.02
07.04.2021 09:11:57.565 GMT+0100,3519,3515.6150000000002,0.02,0.02
07.04.2021 09:12:02.636 GMT+0100,3520.385,3515.82,0.02,0.02
07.04.2021 09:12:07.763 GMT+0100,3519.385,3515.697,0.02,0.02
07.04.2021 09:13:25.711 GMT+0100,3518.3440000000005,3515.6150000000002,0.0075,0.02
07.04.2021 09:13:39.545 GMT+0100,3517.1800000000003,3512.6150000000002,0.02,0.02
07.04.2021 09:13:39.691 GMT+0100,3518.221,3512.7790000000005,0.02,0.02
07.04.2021 09:13:40.971 GMT+0100,3516.508,3512.451,0.0075,0.02
07.04.2021 09:14:00.145 GMT+0100,3515.508,3512.492,0.02,0.02
07.04.2021 09:14:00.273 GMT+0100,3516,3512.492,0.02,0.02
07.04.2021 09:14:44.557 GMT+0100,3516.467,3513.5740000000005,0.0075,0.0075
07.04.2021 09:14:44.607 GMT+0100,3519.508,3514.656,0.02,0.02
07.04.2021 09:14:45.624 GMT+0100,3518,3513.656,0.02,0.02
07.04.2021 09:14:45.724 GMT+0100,3519.1800000000003,3513.492,0.02,0.02
07.04.2021 09:14:48.631 GMT+0100,3518.467,3513.5740000000005,0.02,0.02
07.04.2021 09:14:50.091 GMT+0100,3518.508,3514.697,0.0075,0.0075
07.04.2021 09:14:50.141 GMT+0100,3519.1800000000003,3514.7790000000005,0.02,0.02
07.04.2021 09:15:13.416 GMT+0100,3518.385,3513.738,0.02,0.02
07.04.2021 09:15:27.027 GMT+0100,3518.303,3514.492,0.02,0.02
07.04.2021 09:15:27.077 GMT+0100,3518.1800000000003,3513.451,0.02,0.02
07.04.2021 09:15:38.163 GMT+0100,3519,3514,0.02,0.02
07.04.2021 09:15:38.214 GMT+0100,3519.3440000000005,3514.738,0.02,0.02
07.04.2021 09:16:17.121 GMT+0100,3518.467,3515,0.0075,0.0075
07.04.2021 09:16:17.171 GMT+0100,3518.262,3512.451,0.02,0.02
07.04.2021 09:16:17.319 GMT+0100,3518.303,3513.82,0.02,0.0075
07.04.2021 09:16:18.515 GMT+0100,3518.1800000000003,3514.697,0.0075,0.0075
07.04.2021 09:16:18.565 GMT+0100,3519.262,3514.656,0.02,0.02
07.04.2021 09:16:45.183 GMT+0100,3518.508,3514.5740000000005,0.0075,0.0075
07.04.2021 09:16:45.233 GMT+0100,3518.1800000000003,3513.6150000000002,0.02,0.02
07.04.2021 09:16:57.537 GMT+0100,3519.508,3514.697,0.02,0.02
07.04.2021 09:17:41.367 GMT+0100,3521.426,3516.492,0.02,0.02
07.04.2021 09:17:42.657 GMT+0100,3521.221,3517.738,0.0075,0.0075
07.04.2021 09:17:42.708 GMT+0100,3522.5490000000004,3517.7790000000005,0.02,0.02
07.04.2021 09:17:43.174 GMT+0100,3522.3440000000005,3519,0.0075,0.0075
07.04.2021 09:17:43.227 GMT+0100,3523.508,3518.6150000000002,0.02,0.02
07.04.2021 09:18:05.095 GMT+0100,3523.467,3519.6150000000002,0.02,0.0075
07.04.2021 09:18:05.145 GMT+0100,3523.262,3518.738,0.02,0.02
07.04.2021 09:18:05.854 GMT+0100,3523.508,3519.697,0.0075,0.0075
07.04.2021 09:18:05.905 GMT+0100,3523.303,3518.656,0.02,0.02
07.04.2021 09:18:36.947 GMT+0100,3522.3440000000005,3518.738,0.0075,0.0075
07.04.2021 09:18:36.998 GMT+0100,3521.426,3516.5740000000005,0.02,0.02
07.04.2021 09:18:39.588 GMT+0100,3522.385,3516.82,0.02,0.02
07.04.2021 09:18:50.124 GMT+0100,3522.3440000000005,3517.738,0.02,0.0075
07.04.2021 09:18:50.225 GMT+0100,3522.5490000000004,3516.6150000000002,0.02,0.02
07.04.2021 09:18:51.225 GMT+0100,3522,3518,0.02,0.02
07.04.2021 09:18:55.172 GMT+0100,3522.1800000000003,3516.533,0.02,0.02
07.04.2021 09:18:59.741 GMT+0100,3520.303,3517,0.0075,0.02
07.04.2021 09:18:59.791 GMT+0100,3520.508,3516,0.02,0.02
07.04.2021 09:18:59.905 GMT+0100,3521.5490000000004,3515.7790000000005,0.02,0.02
07.04.2021 09:18:59.955 GMT+0100,3521.3440000000005,3517.738,0.02,0.02
07.04.2021 09:19:27.553 GMT+0100,3522.262,3518,0.02,0.02
07.04.2021 09:19:30.026 GMT+0100,3522.467,3516.82,0.02,0.02
07.04.2021 09:19:32.521 GMT+0100,3522.426,3517.82,0.02,0.02
07.04.2021 09:19:46.553 GMT+0100,3521.262,3517.656,0.0075,0.02
07.04.2021 09:20:07.056 GMT+0100,3522.385,3517.451,0.02,0.02
07.04.2021 09:20:18.824 GMT+0100,3521.262,3517.656,0.02,0.02
07.04.2021 09:20:29.950 GMT+0100,3522.3440000000005,3517.82,0.02,0.02
07.04.2021 09:20:53.938 GMT+0100,3521.221,3517.451,0.0075,0.02
07.04.2021 09:21:00.281 GMT+0100,3522.5490000000004,3517.7790000000005,0.02,0.02
07.04.2021 09:21:04.565 GMT+0100,3522.467,3516.5740000000005,0.02,0.02
07.04.2021 09:21:05.634 GMT+0100,3521.1800000000003,3516.5740000000005,0.0075,0.02
07.04.2021 09:21:07.716 GMT+0100,3522.5490000000004,3516.656,0.02,0.02
07.04.2021 09:21:10.712 GMT+0100,3522.303,3517.5740000000005,0.02,0.0075
07.04.2021 09:21:11.612 GMT+0100,3521.221,3518,0.0075,0.02
07.04.2021 09:21:11.662 GMT+0100,3522,3517.492,0.02,0.02
07.04.2021 09:21:13.032 GMT+0100,3521.262,3517.697,0.0075,0.02
07.04.2021 09:22:50.172 GMT+0100,3522.3440000000005,3517.492,0.02,0.02
07.04.2021 09:22:50.731 GMT+0100,3521.221,3517.5740000000005,0.02,0.02
07.04.2021 09:22:56.057 GMT+0100,3522.5490000000004,3517.738,0.02,0.02
07.04.2021 09:22:57.054 GMT+0100,3521.5490000000004,3518,0.0075,0.02
07.04.2021 09:23:10.254 GMT+0100,3522,3517.6150000000002,0.02,0.02
07.04.2021 09:23:12.733 GMT+0100,3521.5490000000004,3517.7790000000005,0.02,0.02
07.04.2021 09:23:27.327 GMT+0100,3521.303,3516.6150000000002,0.02,0.02
07.04.2021 09:23:35.121 GMT+0100,3520.1800000000003,3516.451,0.02,0.02
07.04.2021 09:26:23.727 GMT+0100,3520.5490000000004,3517.533,0.0075,0.0075
07.04.2021 09:26:23.777 GMT+0100,3521.426,3516.82,0.02,0.02
07.04.2021 09:26:25.075 GMT+0100,3520,3516.492,0.0075,0.02
07.04.2021 09:26:25.125 GMT+0100,3521.467,3516.451,0.02,0.02
07.04.2021 09:26:52.068 GMT+0100,3520.5490000000004,3516.738,0.0075,0.02
07.04.2021 09:26:52.546 GMT+0100,3521.221,3516.5740000000005,0.02,0.02
07.04.2021 09:27:03.881 GMT+0100,3521.3440000000005,3517.656,0.02,0.0075
07.04.2021 09:27:56.160 GMT+0100,3519.1800000000003,3515.451,0.02,0.02
07.04.2021 09:27:56.328 GMT+0100,3520.221,3515.6150000000002,0.02,0.02
07.04.2021 09:27:56.407 GMT+0100,3519.303,3515.451,0.0075,0.02
07.04.2021 09:27:56.508 GMT+0100,3520.1800000000003,3515.656,0.02,0.02
07.04.2021 09:28:17.447 GMT+0100,3520.1800000000003,3516.656,0.0075,0.0075
07.04.2021 09:28:17.498 GMT+0100,3521.221,3516.533,0.02,0.02
07.04.2021 09:28:36.063 GMT+0100,3520.1800000000003,3516.5740000000005,0.0075,0.02
07.04.2021 09:28:36.113 GMT+0100,3520.385,3515.656,0.02,0.02
07.04.2021 09:28:36.163 GMT+0100,3521,3516.82,0.02,0.02
07.04.2021 09:28:36.556 GMT+0100,3520.3440000000005,3516.5740000000005,0.0075,0.0075
07.04.2021 09:28:36.607 GMT+0100,3521.303,3516.738,0.02,0.02
07.04.2021 09:28:36.657 GMT+0100,3520.5490000000004,3515.5740000000005,0.02,0.02
07.04.2021 09:29:01.099 GMT+0100,3520.262,3516.697,0.02,0.02
07.04.2021 09:29:17.619 GMT+0100,3520.3440000000005,3515.82,0.02,0.02
07.04.2021 09:29:17.669 GMT+0100,3520.385,3517,0.02,0.02
07.04.2021 09:29:17.949 GMT+0100,3520.303,3515.492,0.02,0.02
07.04.2021 09:29:35.003 GMT+0100,3520.221,3516.6150000000002,0.02,0.0075
07.04.2021 09:29:35.944 GMT+0100,3517.262,3516.492,0.0075,0.0075
07.04.2021 09:29:35.995 GMT+0100,3517.385,3512.82,0.02,0.02
07.04.2021 09:29:36.095 GMT+0100,3518,3513.492,0.02,0.02
07.04.2021 09:29:36.203 GMT+0100,3518.467,3514.656,0.02,0.02
07.04.2021 09:29:36.254 GMT+0100,3518,3513.656,0.02,0.02
07.04.2021 09:29:36.607 GMT+0100,3518.303,3514.5740000000005,0.02,0.02
07.04.2021 09:29:36.750 GMT+0100,3518.426,3512.82,0.02,0.02
07.04.2021 09:29:36.824 GMT+0100,3518.508,3514.738,0.02,0.0075
07.04.2021 09:29:37.199 GMT+0100,3518.221,3516.5740000000005,0.0075,0.0075
07.04.2021 09:29:37.250 GMT+0100,3521.262,3516.5740000000005,0.02,0.02
07.04.2021 09:29:37.704 GMT+0100,3520.262,3515.451,0.02,0.02
07.04.2021 09:29:38.995 GMT+0100,3520.262,3516.492,0.02,0.0075
07.04.2021 09:30:08.306 GMT+0100,3522.262,3517.6150000000002,0.02,0.02
07.04.2021 09:30:16.885 GMT+0100,3521.467,3517.6150000000002,0.0075,0.0075
07.04.2021 09:30:16.936 GMT+0100,3521.262,3516.6150000000002,0.02,0.02
07.04.2021 09:30:35.826 GMT+0100,3521.1800000000003,3518,0.0075,0.0075
07.04.2021 09:30:35.877 GMT+0100,3522.303,3517.533,0.02,0.02
07.04.2021 09:30:43.550 GMT+0100,3522.426,3518.656,0.02,0.0075
07.04.2021 09:31:57.347 GMT+0100,3523.467,3520.451,0.02,0.02
07.04.2021 09:31:57.397 GMT+0100,3524.508,3518.492,0.02,0.02
07.04.2021 09:31:57.448 GMT+0100,3523.426,3518.5740000000005,0.02,0.02
07.04.2021 09:31:57.677 GMT+0100,3523.262,3520.738,0.02,0.02
07.04.2021 09:31:57.781 GMT+0100,3523.467,3518.492,0.02,0.02
07.04.2021 09:31:57.831 GMT+0100,3522.1800000000003,3518.6150000000002,0.02,0.02
07.04.2021 09:31:57.882 GMT+0100,3523.5490000000004,3518.6150000000002,0.02,0.02
07.04.2021 09:31:58.196 GMT+0100,3521.508,3519,0.0075,0.02
07.04.2021 09:32:15.991 GMT+0100,3520,3517.7790000000005,0.02,0.02
07.04.2021 09:32:16.041 GMT+0100,3521.262,3517.738,0.02,0.02
07.04.2021 09:32:17.298 GMT+0100,3519.5490000000004,3517.451,0.02,0.02
07.04.2021 09:32:43.491 GMT+0100,3519.508,3515.7790000000005,0.02,0.02
07.04.2021 09:32:56.131 GMT+0100,3517.221,3515.738,0.02,0.02
07.04.2021 09:33:32.910 GMT+0100,3517.5,3516.5740000000005,0.0075,0.0075
07.04.2021 09:33:32.960 GMT+0100,3521.467,3516.82,0.02,0.02
07.04.2021 09:33:33.010 GMT+0100,3520.3440000000005,3516.7790000000005,0.02,0.02
07.04.2021 09:35:02.211 GMT+0100,3520.5490000000004,3517.738,0.02,0.0075
07.04.2021 09:35:07.254 GMT+0100,3520.303,3518.82,0.02,0.0075
07.04.2021 09:35:18.059 GMT+0100,3520.303,3516.5740000000005,0.02,0.02
07.04.2021 09:35:37.311 GMT+0100,3520.3440000000005,3515.451,0.02,0.02
07.04.2021 09:35:39.991 GMT+0100,3518.426,3515.492,0.0075,0.0075
07.04.2021 09:35:40.042 GMT+0100,3518.303,3514.82,0.02,0.02
07.04.2021 09:35:44.946 GMT+0100,3518.467,3513.656,0.02,0.02
07.04.2021 09:35:47.289 GMT+0100,3518.262,3514.7790000000005,0.02,0.0075
07.04.2021 09:36:03.614 GMT+0100,3517,3513.82,0.02,0.02
07.04.2021 09:36:06.033 GMT+0100,3517.303,3514.492,0.0075,0.0075
07.04.2021 09:36:06.084 GMT+0100,3518.385,3514.738,0.02,0.02
07.04.2021 09:36:36.399 GMT+0100,3518.426,3516.656,0.0075,0.0075
07.04.2021 09:36:36.450 GMT+0100,3520.221,3516.533,0.02,0.02
07.04.2021 09:36:38.970 GMT+0100,3519.221,3517,0.0075,0.0075
07.04.2021 09:36:39.021 GMT+0100,3519.426,3514.697,0.02,0.02
07.04.2021 09:36:42.476 GMT+0100,3518.467,3513.7790000000005,0.02,0.02
07.04.2021 09:37:11.832 GMT+0100,3517.221,3513.656,0.02,0.02
07.04.2021 09:37:11.882 GMT+0100,3517.467,3512.533,0.02,0.02
07.04.2021 09:37:19.206 GMT+0100,3517.1800000000003,3513.5740000000005,0.02,0.0075
07.04.2021 09:37:25.938 GMT+0100,3517.221,3512.656,0.02,0.02
07.04.2021 09:37:36.563 GMT+0100,3517,3513.7790000000005,0.02,0.0075
07.04.2021 09:37:59.319 GMT+0100,3517.3440000000005,3514.656,0.02,0.02
07.04.2021 09:38:27.502 GMT+0100,3518.385,3514.533,0.02,0.02
07.04.2021 09:38:34.204 GMT+0100,3517,3514.492,0.0075,0.02
07.04.2021 09:38:53.039 GMT+0100,3516.303,3512.697,0.02,0.02
07.04.2021 09:38:53.089 GMT+0100,3515,3511.82,0.02,0.02
07.04.2021 09:38:53.908 GMT+0100,3513.508,3511.492,0.0075,0.0075
07.04.2021 09:38:53.958 GMT+0100,3513.221,3509.7790000000005,0.02,0.02
07.04.2021 09:38:54.084 GMT+0100,3513.1800000000003,3508.656,0.02,0.02
07.04.2021 09:38:55.011 GMT+0100,3512.303,3508.656,0.0075,0.02
07.04.2021 09:38:55.112 GMT+0100,3512.385,3507.7790000000005,0.02,0.02
07.04.2021 09:38:56.311 GMT+0100,3512.5490000000004,3508.451,0.02,0.0075
07.04.2021 09:38:56.438 GMT+0100,3513.385,3508.451,0.02,0.02
07.04.2021 09:39:01.569 GMT+0100,3513.508,3509.6150000000002,0.02,0.0075
07.04.2021 09:39:01.726 GMT+0100,3513.5490000000004,3508.738,0.02,0.02
07.04.2021 09:40:08.235 GMT+0100,3513.5490000000004,3509.82,0.02,0.0075
07.04.2021 09:40:08.286 GMT+0100,3514.467,3510,0.02,0.02
07.04.2021 09:40:08.343 GMT+0100,3513.262,3509.697,0.0075,0.0075
07.04.2021 09:40:08.393 GMT+0100,3513.3440000000005,3508.6150000000002,0.02,0.02
07.04.2021 09:40:20.307 GMT+0100,3512.303,3507.451,0.02,0.02
07.04.2021 09:40:26.235 GMT+0100,3512.426,3508.492,0.02,0.0075
07.04.2021 09:40:26.286 GMT+0100,3513.385,3508.697,0.02,0.02
07.04.2021 09:41:03.492 GMT+0100,3513.467,3509.82,0.02,0.0075
07.04.2021 09:41:03.542 GMT+0100,3513.262,3508.7790000000005,0.02,0.02
07.04.2021 09:42:21.116 GMT+0100,3513.426,3510,0.0075,0.0075
07.04.2021 09:42:21.167 GMT+0100,3514.303,3509.5740000000005,0.02,0.02
07.04.2021 09:42:21.217 GMT+0100,3514.221,3510.492,0.02,0.02
07.04.2021 09:42:28.932 GMT+0100,3515.1800000000003,3510.492,0.02,0.02
07.04.2021 09:42:31.307 GMT+0100,3514.5490000000004,3510.6150000000002,0.02,0.02
07.04.2021 09:42:41.731 GMT+0100,3514.508,3512,0.0075,0.0075
07.04.2021 09:42:41.782 GMT+0100,3516.5490000000004,3511.533,0.02,0.02
07.04.2021 09:42:43.717 GMT+0100,3515.508,3511.697,0.0075,0.0075
07.04.2021 09:42:43.767 GMT+0100,3515.385,3510.533,0.02,0.02
07.04.2021 09:42:52.356 GMT+0100,3515.467,3511.656,0.02,0.0075
07.04.2021 09:43:00.302 GMT+0100,3516.262,3511.738,0.02,0.02
07.04.2021 09:43:40.278 GMT+0100,3516.303,3512.533,0.02,0.02
07.04.2021 09:44:32.151 GMT+0100,3515.3440000000005,3510.656,0.02,0.02
07.04.2021 09:44:35.250 GMT+0100,3515.5490000000004,3511.5740000000005,0.0075,0.0075
07.04.2021 09:44:35.300 GMT+0100,3516.3440000000005,3511.738,0.02,0.02
07.04.2021 09:44:40.118 GMT+0100,3515,3510.738,0.02,0.02
07.04.2021 09:44:44.163 GMT+0100,3516.3440000000005,3511.533,0.02,0.02
07.04.2021 09:44:46.230 GMT+0100,3515.1800000000003,3511.492,0.0075,0.0075
07.04.2021 09:44:46.280 GMT+0100,3515.385,3511,0.02,0.02
07.04.2021 09:44:48.323 GMT+0100,3515.5490000000004,3511.6150000000002,0.02,0.02
07.04.2021 09:44:50.670 GMT+0100,3515.426,3510.451,0.02,0.02
07.04.2021 09:44:59.128 GMT+0100,3515.508,3511.7790000000005,0.02,0.02
07.04.2021 09:45:14.850 GMT+0100,3515.385,3510.6150000000002,0.02,0.02
07.04.2021 09:45:15.953 GMT+0100,3515.1800000000003,3511.656,0.02,0.0075
07.04.2021 09:45:18.365 GMT+0100,3515.3440000000005,3510.5740000000005,0.02,0.02
07.04.2021 09:45:18.641 GMT+0100,3515.508,3511.82,0.02,0.0075
07.04.2021 09:45:28.966 GMT+0100,3515.3440000000005,3510.6150000000002,0.02,0.02
07.04.2021 09:45:31.678 GMT+0100,3515.303,3511.656,0.02,0.0075
07.04.2021 09:45:40.319 GMT+0100,3515.385,3510.7790000000005,0.02,0.02
07.04.2021 09:45:45.916 GMT+0100,3515.5490000000004,3511.82,0.02,0.0075
07.04.2021 09:45:46.878 GMT+0100,3515.385,3510.697,0.02,0.02
07.04.2021 09:45:54.451 GMT+0100,3515.3440000000005,3511.5740000000005,0.02,0.02
07.04.2021 09:45:55.370 GMT+0100,3515.426,3510.656,0.02,0.02
07.04.2021 09:46:07.888 GMT+0100,3515.221,3511.451,0.02,0.0075
07.04.2021 09:46:08.684 GMT+0100,3515.385,3510.738,0.02,0.02
07.04.2021 09:46:46.664 GMT+0100,3515.3440000000005,3511.492,0.02,0.0075
07.04.2021 09:47:01.094 GMT+0100,3515.426,3510.451,0.02,0.02
07.04.2021 09:47:22.710 GMT+0100,3515.262,3511.6150000000002,0.02,0.0075
07.04.2021 09:47:29.047 GMT+0100,3515.385,3510.5740000000005,0.02,0.02
07.04.2021 09:47:29.996 GMT+0100,3515.426,3511.492,0.02,0.0075
07.04.2021 09:47:30.506 GMT+0100,3515.426,3510.7790000000005,0.02,0.02
07.04.2021 09:48:04.039 GMT+0100,3515.262,3511.656,0.02,0.0075
07.04.2021 09:48:04.089 GMT+0100,3515.1800000000003,3510.7790000000005,0.02,0.02
07.04.2021 09:48:04.259 GMT+0100,3511.262,3508,0.02,0.02
07.04.2021 09:48:04.309 GMT+0100,3512.303,3507.451,0.02,0.02
07.04.2021 09:48:04.360 GMT+0100,3511.303,3507.6150000000002,0.02,0.02
07.04.2021 09:48:10.304 GMT+0100,3509.262,3506.7790000000005,0.02,0.02
07.04.2021 09:48:11.548 GMT+0100,3509.467,3507.7790000000005,0.02,0.02
07.04.2021 09:48:15.336 GMT+0100,3512.426,3507.5740000000005,0.02,0.02
07.04.2021 09:48:15.386 GMT+0100,3511.5490000000004,3507.6150000000002,0.02,0.02
07.04.2021 09:48:28.093 GMT+0100,3511.385,3508.533,0.02,0.0075
07.04.2021 09:48:28.254 GMT+0100,3511.385,3507.451,0.02,0.02
07.04.2021 09:48:29.716 GMT+0100,3513.385,3509.697,0.02,0.02
07.04.2021 09:49:37.021 GMT+0100,3512.303,3509.7790000000005,0.01,0.01
07.04.2021 09:49:57.400 GMT+0100,3513.1800000000003,3509,0.02,0.02
07.04.2021 09:52:05.931 GMT+0100,3512.508,3507.697,0.02,0.02
07.04.2021 09:52:06.101 GMT+0100,3512.262,3508.7790000000005,0.02,0.02
07.04.2021 09:52:06.600 GMT+0100,3513.508,3508.656,0.02,0.02
07.04.2021 09:52:16.565 GMT+0100,3512.5490000000004,3509,0.0075,0.02
07.04.2021 09:52:18.074 GMT+0100,3513,3508.697,0.02,0.02
07.04.2021 09:52:24.649 GMT+0100,3512.385,3508.6150000000002,0.0075,0.02
07.04.2021 09:52:27.853 GMT+0100,3513.221,3508.533,0.02,0.02
07.04.2021 09:53:08.791 GMT+0100,3513.1800000000003,3509.82,0.02,0.0075
07.04.2021 09:54:22.030 GMT+0100,3513.426,3510.451,0.0075,0.0075
07.04.2021 09:54:22.080 GMT+0100,3516.385,3511.738,0.02,0.02
07.04.2021 09:54:36.996 GMT+0100,3517.262,3512.7790000000005,0.02,0.02
07.04.2021 09:54:39.809 GMT+0100,3516.221,3512.6150000000002,0.02,0.02
07.04.2021 09:54:46.385 GMT+0100,3514.426,3512.6150000000002,0.0075,0.0075
07.04.2021 09:54:46.435 GMT+0100,3515.508,3510.82,0.02,0.02
07.04.2021 09:54:46.485 GMT+0100,3515.1800000000003,3512,0.02,0.02
07.04.2021 09:54:46.830 GMT+0100,3514.303,3511.533,0.02,0.02
07.04.2021 09:54:46.982 GMT+0100,3515.5490000000004,3512,0.02,0.02
07.04.2021 09:54:47.750 GMT+0100,3516.508,3511.533,0.02,0.02
07.04.2021 09:54:49.642 GMT+0100,3515.426,3511.656,0.0075,0.02
07.04.2021 09:55:00.376 GMT+0100,3516.467,3511.738,0.02,0.02
07.04.2021 09:55:10.908 GMT+0100,3515.467,3511.451,0.0075,0.02
07.04.2021 09:55:38.339 GMT+0100,3514.221,3511.656,0.0075,0.02
07.04.2021 09:55:43.242 GMT+0100,3515.385,3511.738,0.02,0.02
07.04.2021 09:56:24.115 GMT+0100,3514.1800000000003,3511.7790000000005,0.0075,0.02
07.04.2021 09:56:30.559 GMT+0100,3514.1800000000003,3510.492,0.02,0.02
07.04.2021 09:56:59.950 GMT+0100,3515.508,3510.656,0.02,0.02
07.04.2021 09:57:02.940 GMT+0100,3514.385,3510.451,0.0075,0.02
07.04.2021 09:57:16.008 GMT+0100,3515.467,3510.451,0.02,0.02
07.04.2021 09:57:16.702 GMT+0100,3514.508,3510.738,0.0075,0.02
07.04.2021 09:57:17.500 GMT+0100,3513.1800000000003,3510.738,0.02,0.02
07.04.2021 09:57:17.550 GMT+0100,3514.426,3510.492,0.02,0.02
07.04.2021 09:57:48.592 GMT+0100,3513.303,3509.738,0.02,0.02
07.04.2021 09:57:52.566 GMT+0100,3514.303,3509.6150000000002,0.02,0.02
07.04.2021 09:58:00.077 GMT+0100,3513.1800000000003,3509.451,0.02,0.02
07.04.2021 09:58:00.196 GMT+0100,3514.1800000000003,3509.6150000000002,0.02,0.02
07.04.2021 09:58:00.294 GMT+0100,3513.385,3509.738,0.02,0.02
07.04.2021 09:58:08.902 GMT+0100,3514,3509.656,0.02,0.02
07.04.2021 09:58:16.620 GMT+0100,3513.426,3509.697,0.02,0.02
07.04.2021 09:58:17.927 GMT+0100,3512.3440000000005,3509.7790000000005,0.0075,0.02
07.04.2021 09:58:18.038 GMT+0100,3512.262,3510.492,0.0075,0.0075
07.04.2021 09:58:18.089 GMT+0100,3514.467,3511,0.02,0.02
07.04.2021 09:58:18.143 GMT+0100,3513.467,3509.5740000000005,0.02,0.02
07.04.2021 09:58:18.297 GMT+0100,3514.385,3509.6150000000002,0.02,0.02
07.04.2021 09:58:25.021 GMT+0100,3514.262,3511,0.02,0.0075
07.04.2021 09:59:33.426 GMT+0100,3514.426,3509.82,0.02,0.02
07.04.2021 09:59:44.452 GMT+0100,3514.426,3510.5740000000005,0.02,0.0075
07.04.2021 09:59:55.828 GMT+0100,3513.1800000000003,3510.697,0.0075,0.0075
07.04.2021 09:59:55.878 GMT+0100,3513.262,3509.492,0.02,0.02
07.04.2021 09:59:55.929 GMT+0100,3514.221,3509.697,0.02,0.02
07.04.2021 09:59:57.029 GMT+0100,3512.3440000000005,3509.492,0.0075,0.02
07.04.2021 09:59:57.304 GMT+0100,3512.467,3508.656,0.02,0.02
07.04.2021 09:59:59.440 GMT+0100,3512.262,3509.7790000000005,0.02,0.0075
07.04.2021 10:00:00.642 GMT+0100,3512,3508.7790000000005,0.02,0.02
07.04.2021 10:00:00.705 GMT+0100,3512.1800000000003,3509.492,0.02,0.0075
07.04.2021 10:00:02.348 GMT+0100,3512.3440000000005,3507.533,0.02,0.02
07.04.2021 10:00:03.192 GMT+0100,3510.1800000000003,3507.82,0.0075,0.02
07.04.2021 10:00:03.641 GMT+0100,3510.467,3509.697,0.0075,0.0075
07.04.2021 10:00:03.691 GMT+0100,3512.467,3509.7790000000005,0.02,0.02
07.04.2021 10:00:05.818 GMT+0100,3511.508,3509.697,0.02,0.02
07.04.2021 10:00:06.112 GMT+0100,3511.385,3508.6150000000002,0.02,0.02
07.04.2021 10:00:07.843 GMT+0100,3511,3507.697,0.02,0.02
07.04.2021 10:00:12.817 GMT+0100,3510.5490000000004,3508,0.02,0.02
07.04.2021 10:00:12.983 GMT+0100,3511.426,3507.492,0.02,0.02
07.04.2021 10:00:16.833 GMT+0100,3509.508,3507.5740000000005,0.02,0.02
07.04.2021 10:00:18.743 GMT+0100,3509.221,3505.492,0.02,0.02
07.04.2021 10:00:36.276 GMT+0100,3507.221,3505.492,0.02,0.02
07.04.2021 10:00:38.764 GMT+0100,3507.508,3504.492,0.02,0.02
07.04.2021 10:00:40.861 GMT+0100,3507.426,3503.533,0.02,0.02
07.04.2021 10:00:41.804 GMT+0100,3505.262,3502.533,0.0075,0.0075
07.04.2021 10:00:41.854 GMT+0100,3505.385,3500.7790000000005,0.02,0.02
07.04.2021 10:00:41.905 GMT+0100,3505.426,3501.533,0.02,0.02
07.04.2021 10:00:43.594 GMT+0100,3505.385,3502.656,0.0075,0.0075
07.04.2021 10:00:43.645 GMT+0100,3508.385,3502.533,0.02,0.02
07.04.2021 10:00:43.695 GMT+0100,3508,3504,0.02,0.02
07.04.2021 10:00:45.828 GMT+0100,3507.508,3503.5740000000005,0.0075,0.02
07.04.2021 10:01:00.538 GMT+0100,3506.508,3503.451,0.0075,0.0075
07.04.2021 10:01:00.588 GMT+0100,3506.385,3500.82,0.02,0.02
07.04.2021 10:01:08.097 GMT+0100,3505.262,3500.492,0.0075,0.02
07.04.2021 10:01:08.258 GMT+0100,3506.1800000000003,3500.451,0.02,0.02
07.04.2021 10:01:11.120 GMT+0100,3505.385,3500.6150000000002,0.0075,0.02
07.04.2021 10:01:12.029 GMT+0100,3505.5490000000004,3501.697,0.02,0.0075
07.04.2021 10:01:16.133 GMT+0100,3504.262,3501.6150000000002,0.0075,0.02
07.04.2021 10:01:16.244 GMT+0100,3505.1800000000003,3501.656,0.02,0.02
07.04.2021 10:01:19.924 GMT+0100,3504.385,3501.82,0.02,0.02
07.04.2021 10:01:19.974 GMT+0100,3505.467,3501.656,0.02,0.02
07.04.2021 10:01:21.788 GMT+0100,3505,3500,0.02,0.02
07.04.2021 10:01:21.839 GMT+0100,3504.467,3498.7790000000005,0.02,0.02
07.04.2021 10:01:22.242 GMT+0100,3505.1800000000003,3498.738,0.02,0.02
07.04.2021 10:01:22.608 GMT+0100,3505.1800000000003,3500,0.02,0.02
07.04.2021 10:01:22.800 GMT+0100,3505.303,3500.5740000000005,0.02,0.0075
07.04.2021 10:01:22.901 GMT+0100,3505.1800000000003,3499.6150000000002,0.02,0.02
07.04.2021 10:01:23.208 GMT+0100,3505.303,3501.697,0.02,0.02
07.04.2021 10:01:25.669 GMT+0100,3505.5490000000004,3499.492,0.02,0.02
07.04.2021 10:01:25.719 GMT+0100,3503.508,3500,0.02,0.02
07.04.2021 10:01:25.847 GMT+0100,3504.508,3499.7790000000005,0.02,0.02
07.04.2021 10:01:27.129 GMT+0100,3504.3440000000005,3500.6150000000002,0.02,0.0075
07.04.2021 10:01:47.812 GMT+0100,3504.426,3502.697,0.0075,0.0075
07.04.2021 10:01:47.862 GMT+0100,3507.426,3502.738,0.02,0.02
07.04.2021 10:01:58.956 GMT+0100,3508.467,3502.697,0.02,0.02
07.04.2021 10:01:59.196 GMT+0100,3507.303,3502.451,0.0075,0.02
07.04.2021 10:01:59.701 GMT+0100,3508,3502.492,0.02,0.02
07.04.2021 10:02:08.548 GMT+0100,3508.1800000000003,3503.533,0.02,0.0075
07.04.2021 10:02:09.397 GMT+0100,3506.3440000000005,3503.738,0.0075,0.0075
07.04.2021 10:02:09.447 GMT+0100,3507.508,3502.7790000000005,0.02,0.02
07.04.2021 10:02:11.243 GMT+0100,3506.262,3503,0.0075,0.0075
07.04.2021 10:02:11.294 GMT+0100,3506.5490000000004,3501.82,0.02,0.02
07.04.2021 10:02:12.275 GMT+0100,3507.385,3501.533,0.02,0.02
07.04.2021 10:02:12.792 GMT+0100,3506,3501.5740000000005,0.0075,0.02
07.04.2021 10:02:23.693 GMT+0100,3507.262,3502.7790000000005,0.02,0.02
07.04.2021 10:02:23.898 GMT+0100,3507.1800000000003,3501.492,0.02,0.02
07.04.2021 10:02:27.229 GMT+0100,3507.467,3505.451,0.0075,0.0075
07.04.2021 10:02:27.279 GMT+0100,3514.3440000000005,3508.5740000000005,0.02,0.02
07.04.2021 10:02:27.608 GMT+0100,3514.508,3510,0.02,0.02
07.04.2021 10:02:28.857 GMT+0100,3514.467,3510.656,0.02,0.0075
07.04.2021 10:02:35.780 GMT+0100,3513.303,3508.7790000000005,0.02,0.02
07.04.2021 10:02:35.830 GMT+0100,3512.262,3508,0.02,0.02
07.04.2021 10:02:35.993 GMT+0100,3513.426,3508.533,0.02,0.02
07.04.2021 10:02:37.036 GMT+0100,3513.5490000000004,3509.6150000000002,0.02,0.02
07.04.2021 10:02:37.939 GMT+0100,3512.3440000000005,3507.82,0.02,0.02
07.04.2021 10:02:38.013 GMT+0100,3512.1800000000003,3509,0.02,0.02
07.04.2021 10:02:38.063 GMT+0100,3513.385,3508.82,0.02,0.02
07.04.2021 10:02:48.332 GMT+0100,3511.426,3508.533,0.0075,0.0075
07.04.2021 10:02:48.382 GMT+0100,3511.5490000000004,3507.82,0.02,0.02
07.04.2021 10:02:55.668 GMT+0100,3511.426,3507,0.02,0.02
07.04.2021 10:03:03.908 GMT+0100,3511.1800000000003,3507.5740000000005,0.02,0.0075
07.04.2021 10:03:03.959 GMT+0100,3512.221,3507.533,0.02,0.02
07.04.2021 10:03:04.612 GMT+0100,3512.508,3509.7790000000005,0.02,0.0075
07.04.2021 10:03:04.794 GMT+0100,3512.262,3508.656,0.02,0.02
07.04.2021 10:03:15.757 GMT+0100,3512.5490000000004,3510,0.02,0.0075
07.04.2021 10:03:16.646 GMT+0100,3512.1800000000003,3508.5740000000005,0.02,0.02
07.04.2021 10:03:40.081 GMT+0100,3512.508,3507.738,0.02,0.02
07.04.2021 10:03:41.340 GMT+0100,3511.385,3507.656,0.0075,0.0075
07.04.2021 10:03:41.391 GMT+0100,3511.385,3506.5740000000005,0.02,0.02
07.04.2021 10:03:41.441 GMT+0100,3511.303,3507.738,0.02,0.02
07.04.2021 10:03:48.790 GMT+0100,3511.303,3506.6150000000002,0.02,0.02
07.04.2021 10:04:05.060 GMT+0100,3511.426,3507.533,0.02,0.02
07.04.2021 10:04:18.291 GMT+0100,3511.467,3506.656,0.02,0.02
07.04.2021 10:04:25.751 GMT+0100,3511.3440000000005,3507.656,0.02,0.0075
07.04.2021 10:04:37.343 GMT+0100,3510.3440000000005,3506.697,0.02,0.02
07.04.2021 10:05:00.781 GMT+0100,3509.385,3504.5740000000005,0.02,0.02
07.04.2021 10:05:00.831 GMT+0100,3510.303,3505.6150000000002,0.02,0.02
07.04.2021 10:06:04.694 GMT+0100,3509,3504.533,0.02,0.02
07.04.2021 10:06:10.298 GMT+0100,3509.508,3506,0.0075,0.0075
07.04.2021 10:06:10.348 GMT+0100,3510.467,3505.492,0.02,0.02
07.04.2021 10:06:48.535 GMT+0100,3509.385,3504.7790000000005,0.02,0.02
07.04.2021 10:06:59.513 GMT+0100,3509.1800000000003,3505.5740000000005,0.0075,0.0075
07.04.2021 10:07:01.596 GMT+0100,3510.3440000000005,3506.82,0.02,0.0075
07.04.2021 10:07:01.646 GMT+0100,3510.3440000000005,3505.5740000000005,0.02,0.02
07.04.2021 10:07:11.546 GMT+0100,3509.1800000000003,3505.738,0.0075,0.02
07.04.2021 10:07:11.596 GMT+0100,3509.1800000000003,3505,0.02,0.02
07.04.2021 10:07:53.177 GMT+0100,3509.5490000000004,3505.492,0.02,0.0075
07.04.2021 10:07:58.546 GMT+0100,3509.508,3506.697,0.02,0.0075
07.04.2021 10:07:58.596 GMT+0100,3509,3506,0.02,0.02
07.04.2021 10:07:58.647 GMT+0100,3509.467,3506.492,0.02,0.02
07.04.2021 10:08:30.522 GMT+0100,3508.262,3504.82,0.02,0.02
07.04.2021 10:08:30.623 GMT+0100,3509.3440000000005,3504.5740000000005,0.02,0.02
07.04.2021 10:08:37.237 GMT+0100,3508.385,3504.6150000000002,0.0075,0.02
07.04.2021 10:08:37.287 GMT+0100,3508.508,3503.492,0.02,0.02
07.04.2021 10:09:44.122 GMT+0100,3507.467,3503.82,0.02,0.02
07.04.2021 10:09:48.605 GMT+0100,3506.467,3502.738,0.02,0.02
07.04.2021 10:09:51.405 GMT+0100,3506.1800000000003,3501.6150000000002,0.02,0.02
07.04.2021 10:10:11.621 GMT+0100,3506.262,3503.451,0.02,0.02
07.04.2021 10:10:11.861 GMT+0100,3506.426,3502.82,0.02,0.02
07.04.2021 10:10:15.352 GMT+0100,3506.262,3503.7790000000005,0.02,0.02
07.04.2021 10:12:38.557 GMT+0100,3506.5490000000004,3505,0.02,0.0075
07.04.2021 10:12:44.248 GMT+0100,3506.5,3505.451,0.0075,0.0075
07.04.2021 10:12:44.299 GMT+0100,3509.262,3505.82,0.02,0.02
07.04.2021 10:12:48.782 GMT+0100,3510.3440000000005,3505.738,0.02,0.02
07.04.2021 10:12:52.998 GMT+0100,3509,3505.492,0.0075,0.02
07.04.2021 10:12:55.533 GMT+0100,3510.426,3505.738,0.02,0.02
07.04.2021 10:13:09.511 GMT+0100,3509.385,3505.451,0.0075,0.02
07.04.2021 10:13:21.675 GMT+0100,3510.221,3506.6150000000002,0.02,0.02
07.04.2021 10:13:21.800 GMT+0100,3510.1800000000003,3505.82,0.02,0.02
07.04.2021 10:13:30.805 GMT+0100,3509.221,3505.6150000000002,0.02,0.02
07.04.2021 10:13:33.060 GMT+0100,3510.1800000000003,3505.6150000000002,0.02,0.02
07.04.2021 10:13:33.468 GMT+0100,3510.221,3507.533,0.02,0.0075
07.04.2021 10:13:33.779 GMT+0100,3510.467,3506.492,0.02,0.02
07.04.2021 10:13:34.527 GMT+0100,3510.5490000000004,3505.82,0.02,0.02
07.04.2021 10:13:34.707 GMT+0100,3510.385,3506.656,0.02,0.0075
07.04.2021 10:13:42.711 GMT+0100,3510.221,3505.738,0.02,0.02
07.04.2021 10:13:42.761 GMT+0100,3510.5490000000004,3506.697,0.02,0.02
07.04.2021 10:13:51.141 GMT+0100,3510.467,3507.697,0.02,0.0075
07.04.2021 10:13:51.241 GMT+0100,3510.426,3506.82,0.02,0.02
07.04.2021 10:14:36.649 GMT+0100,3509.467,3506.82,0.0075,0.0075
07.04.2021 10:14:36.699 GMT+0100,3509.385,3504.738,0.02,0.02
07.04.2021 10:15:03.551 GMT+0100,3508.426,3504.533,0.0075,0.02
07.04.2021 10:15:03.652 GMT+0100,3507.1800000000003,3503.5740000000005,0.02,0.02
07.04.2021 10:15:04.187 GMT+0100,3508,3504.492,0.02,0.0075
07.04.2021 10:15:04.237 GMT+0100,3508.262,3504,0.02,0.02
07.04.2021 10:15:07.273 GMT+0100,3506.5490000000004,3504,0.02,0.02
07.04.2021 10:15:12.067 GMT+0100,3509.262,3505.533,0.02,0.02
07.04.2021 10:15:12.922 GMT+0100,3508.221,3504.451,0.02,0.02
07.04.2021 10:15:12.972 GMT+0100,3509.1800000000003,3504.451,0.02,0.02
07.04.2021 10:15:13.022 GMT+0100,3508.385,3504.492,0.02,0.02
07.04.2021 10:15:24.247 GMT+0100,3508.385,3503.451,0.02,0.02
07.04.2021 10:15:25.462 GMT+0100,3507.3440000000005,3503.6150000000002,0.02,0.02
07.04.2021 10:15:25.599 GMT+0100,3508.508,3503.533,0.02,0.02
07.04.2021 10:15:44.249 GMT+0100,3508.1800000000003,3504.7790000000005,0.02,0.0075
07.04.2021 10:15:55.832 GMT+0100,3508.426,3503.7790000000005,0.02,0.02
07.04.2021 10:15:55.883 GMT+0100,3508.385,3504.738,0.02,0.02
07.04.2021 10:16:49.714 GMT+0100,3507.3440000000005,3503.6150000000002,0.02,0.02
07.04.2021 10:16:49.841 GMT+0100,3508.1800000000003,3503.451,0.02,0.02
07.04.2021 10:17:10.605 GMT+0100,3507.262,3503.697,0.0075,0.02
07.04.2021 10:17:14.336 GMT+0100,3506.3440000000005,3503.451,0.0075,0.02
07.04.2021 10:17:34.267 GMT+0100,3506.262,3505,0.02,0.02
07.04.2021 10:17:36.111 GMT+0100,3506.385,3503.492,0.02,0.02
07.04.2021 10:18:28.472 GMT+0100,3506.221,3502.697,0.02,0.02
07.04.2021 10:18:29.332 GMT+0100,3505.1800000000003,3502.738,0.0075,0.0075
07.04.2021 10:18:29.382 GMT+0100,3505,3502,0.02,0.02
07.04.2021 10:18:29.535 GMT+0100,3506.262,3501.6150000000002,0.02,0.02
07.04.2021 10:18:42.066 GMT+0100,3506.3440000000005,3502.656,0.02,0.0075
07.04.2021 10:18:44.218 GMT+0100,3506.1800000000003,3501.738,0.02,0.02
07.04.2021 10:18:44.980 GMT+0100,3506.426,3502.656,0.02,0.02
07.04.2021 10:19:02.556 GMT+0100,3506.262,3501.492,0.02,0.02
07.04.2021 10:19:15.025 GMT+0100,3505.1800000000003,3501.492,0.0075,0.0075
07.04.2021 10:19:15.076 GMT+0100,3505.3440000000005,3501,0.02,0.02
07.04.2021 10:19:15.226 GMT+0100,3504.385,3500.82,0.02,0.02
07.04.2021 10:19:52.479 GMT+0100,3504,3501.5740000000005,0.02,0.02
07.04.2021 10:19:53.716 GMT+0100,3504,3500.738,0.02,0.02
07.04.2021 10:20:27.550 GMT+0100,3503.1800000000003,3498.533,0.02,0.02
07.04.2021 10:20:27.600 GMT+0100,3503.385,3499.7790000000005,0.02,0.02
07.04.2021 10:22:21.437 GMT+0100,3502.426,3497.451,0.01,0.01
07.04.2021 10:22:21.891 GMT+0100,3503.385,3497.738,0.02,0.02
07.04.2021 10:22:22.456 GMT+0100,3503.385,3498.6150000000002,0.02,0.0075
07.04.2021 10:22:24.432 GMT+0100,3502.303,3498.492,0.02,0.02
07.04.2021 10:22:24.483 GMT+0100,3503.467,3498.451,0.02,0.02
07.04.2021 10:22:59.672 GMT+0100,3502.5490000000004,3499,0.0075,0.02
07.04.2021 10:23:12.341 GMT+0100,3503.3440000000005,3499,0.02,0.02
07.04.2021 10:23:12.391 GMT+0100,3503.508,3499.533,0.02,0.02
07.04.2021 10:23:17.152 GMT+0100,3503.426,3498.6150000000002,0.02,0.02
07.04.2021 10:23:21.497 GMT+0100,3502,3498.492,0.02,0.02
07.04.2021 10:24:03.903 GMT+0100,3502.221,3497.533,0.02,0.02
07.04.2021 10:24:08.912 GMT+0100,3501.426,3497.451,0.0075,0.0075
07.04.2021 10:24:19.632 GMT+0100,3500.262,3496.738,0.02,0.02
07.04.2021 10:26:05.917 GMT+0100,3499.467,3495.492,0.02,0.02
07.04.2021 10:26:06.047 GMT+0100,3499.303,3494.492,0.02,0.02
07.04.2021 10:26:10.000 GMT+0100,3499.221,3495.5740000000005,0.02,0.0075
07.04.2021 10:26:10.635 GMT+0100,3499,3497.82,0.0075,0.0075
07.04.2021 10:26:10.685 GMT+0100,3500.221,3497.697,0.02,0.02
07.04.2021 10:26:12.116 GMT+0100,3500.5490000000004,3495.492,0.02,0.02
07.04.2021 10:26:20.260 GMT+0100,3499.385,3495.492,0.02,0.02
07.04.2021 10:26:48.991 GMT+0100,3499.426,3495,0.02,0.02
07.04.2021 10:26:51.099 GMT+0100,3499.262,3495.738,0.02,0.0075
07.04.2021 10:26:52.140 GMT+0100,3499.508,3494.7790000000005,0.02,0.02
07.04.2021 10:26:52.190 GMT+0100,3498,3493.451,0.02,0.02
07.04.2021 10:26:58.541 GMT+0100,3498.385,3494.697,0.02,0.0075
07.04.2021 10:26:59.126 GMT+0100,3498,3493.492,0.02,0.02
07.04.2021 10:27:02.112 GMT+0100,3498.303,3494.7790000000005,0.02,0.0075
07.04.2021 10:27:03.843 GMT+0100,3498.221,3493.697,0.02,0.02
07.04.2021 10:27:03.893 GMT+0100,3498.508,3494.738,0.02,0.02
07.04.2021 10:27:08.729 GMT+0100,3498.385,3493.82,0.02,0.02
07.04.2021 10:27:11.229 GMT+0100,3498.3440000000005,3494.82,0.02,0.02
07.04.2021 10:27:37.220 GMT+0100,3498.303,3495.656,0.02,0.0075
07.04.2021 10:27:41.546 GMT+0100,3498,3494.533,0.02,0.02
07.04.2021 10:27:47.245 GMT+0100,3498.426,3495.5740000000005,0.02,0.0075
07.04.2021 10:27:53.985 GMT+0100,3498.262,3494.82,0.02,0.02
07.04.2021 10:28:01.749 GMT+0100,3498.467,3495.656,0.02,0.02
07.04.2021 10:29:00.168 GMT+0100,3499.385,3495.5740000000005,0.02,0.02
07.04.2021 10:29:00.219 GMT+0100,3500.3440000000005,3498,0.02,0.02
07.04.2021 10:29:01.058 GMT+0100,3501.5490000000004,3498,0.02,0.02
07.04.2021 10:29:01.718 GMT+0100,3500.385,3497.7790000000005,0.0075,0.02
07.04.2021 10:29:03.501 GMT+0100,3499.426,3496,0.02,0.02
07.04.2021 10:29:04.681 GMT+0100,3498.385,3495.82,0.0075,0.02
07.04.2021 10:29:04.793 GMT+0100,3499.5490000000004,3496,0.02,0.02
07.04.2021 10:29:12.096 GMT+0100,3497.467,3495.533,0.0075,0.02
07.04.2021 10:29:13.435 GMT+0100,3497.467,3495,0.02,0.02
07.04.2021 10:29:13.485 GMT+0100,3497.3440000000005,3495.6150000000002,0.02,0.02
07.04.2021 10:29:40.897 GMT+0100,3497.5490000000004,3492.5740000000005,0.02,0.02
07.04.2021 10:29:40.947 GMT+0100,3497,3493.6150000000002,0.02,0.02
07.04.2021 10:29:41.047 GMT+0100,3497.5490000000004,3492.82,0.02,0.02
07.04.2021 10:29:45.515 GMT+0100,3495.221,3492.5740000000005,0.02,0.02
07.04.2021 10:30:00.255 GMT+0100,3495.426,3491.82,0.02,0.02
07.04.2021 10:30:02.731 GMT+0100,3495,3492.82,0.02,0.0075
07.04.2021 10:30:03.075 GMT+0100,3497.1800000000003,3492.82,0.02,0.02
07.04.2021 10:30:11.749 GMT+0100,3497.1800000000003,3493.656,0.02,0.02
07.04.2021 10:30:28.173 GMT+0100,3497.5490000000004,3494.533,0.0075,0.0075
07.04.2021 10:30:28.224 GMT+0100,3498.262,3494.6150000000002,0.02,0.02
07.04.2021 10:30:28.324 GMT+0100,3498.1800000000003,3493.6150000000002,0.02,0.02
07.04.2021 10:30:28.960 GMT+0100,3497.508,3493.533,0.0075,0.02
07.04.2021 10:30:50.986 GMT+0100,3496.303,3493.451,0.0075,0.0075
07.04.2021 10:30:51.036 GMT+0100,3496.5490000000004,3491.6150000000002,0.02,0.02
07.04.2021 10:30:51.187 GMT+0100,3496.508,3493.6150000000002,0.02,0.02
07.04.2021 10:30:51.288 GMT+0100,3495,3491.7790000000005,0.02,0.02
07.04.2021 10:31:42.050 GMT+0100,3494.221,3491.533,0.0075,0.02
07.04.2021 10:31:42.150 GMT+0100,3494.385,3490.451,0.02,0.02
07.04.2021 10:32:28.319 GMT+0100,3494,3491.451,0.02,0.0075
07.04.2021 10:32:29.459 GMT+0100,3494.221,3490.738,0.02,0.02
07.04.2021 10:32:40.017 GMT+0100,3494.426,3491.656,0.0075,0.0075
07.04.2021 10:32:40.068 GMT+0100,3495.3440000000005,3491.6150000000002,0.02,0.02
07.04.2021 10:32:40.133 GMT+0100,3496.3440000000005,3491.5740000000005,0.02,0.02
07.04.2021 10:32:40.701 GMT+0100,3495.1800000000003,3491.738,0.0075,0.02
07.04.2021 10:32:44.768 GMT+0100,3495.5490000000004,3490.7790000000005,0.02,0.02
07.04.2021 10:32:46.324 GMT+0100,3495.3440000000005,3491.656,0.02,0.0075
07.04.2021 10:32:51.501 GMT+0100,3495.385,3490.5740000000005,0.02,0.02
07.04.2021 10:32:55.218 GMT+0100,3495.385,3491.533,0.02,0.0075
07.04.2021 10:32:55.268 GMT+0100,3495.385,3490.697,0.02,0.02
07.04.2021 10:33:01.209 GMT+0100,3495.303,3491.738,0.02,0.0075
07.04.2021 10:33:39.371 GMT+0100,3494.3440000000005,3489.533,0.02,0.02
07.04.2021 10:33:39.745 GMT+0100,3494.5490000000004,3490.82,0.02,0.02
07.04.2021 10:33:59.520 GMT+0100,3496.303,3492.82,0.02,0.02
07.04.2021 10:33:59.643 GMT+0100,3496.221,3491.7790000000005,0.02,0.02
07.04.2021 10:33:59.743 GMT+0100,3497.508,3493.6150000000002,0.02,0.02
07.04.2021 10:33:59.801 GMT+0100,3496.262,3491.697,0.02,0.02
07.04.2021 10:34:01.380 GMT+0100,3495.467,3492,0.0075,0.0075
07.04.2021 10:34:01.431 GMT+0100,3495.426,3490.5740000000005,0.02,0.02
07.04.2021 10:34:01.481 GMT+0100,3496.5490000000004,3491.6150000000002,0.02,0.02
07.04.2021 10:34:01.942 GMT+0100,3495.385,3491.82,0.0075,0.0075
07.04.2021 10:34:01.992 GMT+0100,3495.3440000000005,3491,0.02,0.02
07.04.2021 10:34:02.996 GMT+0100,3495.1800000000003,3491.5740000000005,0.0075,0.0075
07.04.2021 10:34:03.046 GMT+0100,3496.426,3491.5740000000005,0.02,0.02
07.04.2021 10:34:03.702 GMT+0100,3495.303,3491.7790000000005,0.0075,0.0075
07.04.2021 10:34:03.752 GMT+0100,3495.426,3490.738,0.02,0.02
07.04.2021 10:34:04.464 GMT+0100,3494,3490.697,0.0075,0.02
07.04.2021 10:34:04.514 GMT+0100,3494.303,3489.697,0.02,0.02
07.04.2021 10:34:04.729 GMT+0100,3494.221,3490.5740000000005,0.02,0.0075
07.04.2021 10:34:12.494 GMT+0100,3495.262,3490.533,0.02,0.02
07.04.2021 10:34:25.053 GMT+0100,3494.467,3490.82,0.02,0.02
07.04.2021 10:34:25.263 GMT+0100,3495.426,3490.5740000000005,0.02,0.02
07.04.2021 10:34:25.313 GMT+0100,3494.262,3490.738,0.02,0.02
07.04.2021 10:34:25.363 GMT+0100,3495.508,3490.533,0.02,0.02
07.04.2021 10:34:31.198 GMT+0100,3494,3491,0.02,0.02
07.04.2021 10:34:34.593 GMT+0100,3493.426,3488.82,0.02,0.02
07.04.2021 10:34:38.847 GMT+0100,3493.262,3490,0.02,0.0075
07.04.2021 10:34:42.144 GMT+0100,3493.5490000000004,3488.533,0.02,0.02
07.04.2021 10:34:50.621 GMT+0100,3493.1800000000003,3489.738,0.0075,0.0075
07.04.2021 10:34:50.671 GMT+0100,3494.1800000000003,3489.82,0.02,0.02
07.04.2021 10:34:50.772 GMT+0100,3493.3440000000005,3489.492,0.02,0.02
07.04.2021 10:34:59.619 GMT+0100,3493.385,3488.5740000000005,0.02,0.02
07.04.2021 10:35:06.980 GMT+0100,3493.508,3490,0.0075,0.0075
07.04.2021 10:35:07.030 GMT+0100,3494.508,3489.6150000000002,0.02,0.02
07.04.2021 10:35:07.833 GMT+0100,3493.262,3489.738,0.0075,0.02
07.04.2021 10:35:08.417 GMT+0100,3493.1800000000003,3488.5740000000005,0.02,0.02
07.04.2021 10:35:17.991 GMT+0100,3493,3489.656,0.0075,0.0075
07.04.2021 10:35:18.041 GMT+0100,3495.385,3490.533,0.02,0.02
07.04.2021 10:35:25.534 GMT+0100,3496.221,3492.697,0.02,0.02
07.04.2021 10:35:25.820 GMT+0100,3496.5490000000004,3491.6150000000002,0.02,0.02
07.04.2021 10:35:27.889 GMT+0100,3496.221,3492.6150000000002,0.02,0.02
07.04.2021 10:36:47.914 GMT+0100,3498.508,3494.82,0.02,0.02
07.04.2021 10:36:48.059 GMT+0100,3497.221,3494.5740000000005,0.02,0.02
07.04.2021 10:36:48.274 GMT+0100,3497.1800000000003,3493.697,0.02,0.02
07.04.2021 10:36:51.547 GMT+0100,3496.3440000000005,3492.82,0.02,0.02
07.04.2021 10:36:53.202 GMT+0100,3497.508,3493,0.02,0.02
07.04.2021 10:36:54.629 GMT+0100,3496.5490000000004,3492.7790000000005,0.0075,0.02
07.04.2021 10:36:57.586 GMT+0100,3497.221,3492.492,0.02,0.02
07.04.2021 10:37:01.375 GMT+0100,3496.221,3492.5740000000005,0.0075,0.02
07.04.2021 10:37:02.992 GMT+0100,3495.5490000000004,3493,0.0075,0.02
07.04.2021 10:37:03.093 GMT+0100,3496.508,3492.533,0.02,0.02
07.04.2021 10:37:13.902 GMT+0100,3496.3440000000005,3493.738,0.0075,0.0075
07.04.2021 10:37:13.953 GMT+0100,3497.5490000000004,3493.451,0.02,0.02
07.04.2021 10:37:14.028 GMT+0100,3497.5490000000004,3492.738,0.02,0.02
07.04.2021 10:37:14.715 GMT+0100,3496.385,3492.656,0.02,0.02
07.04.2021 10:37:20.103 GMT+0100,3496.221,3493.7790000000005,0.0075,0.0075
07.04.2021 10:37:20.153 GMT+0100,3497.385,3493.6150000000002,0.02,0.02
07.04.2021 10:37:48.836 GMT+0100,3495.426,3493.656,0.0075,0.02
07.04.2021 10:37:50.090 GMT+0100,3497.5490000000004,3495.6150000000002,0.02,0.02
07.04.2021 10:37:50.140 GMT+0100,3497.1800000000003,3494.533,0.02,0.02
07.04.2021 10:37:50.860 GMT+0100,3498.221,3494.697,0.02,0.02
07.04.2021 10:37:58.209 GMT+0100,3498.221,3495.5740000000005,0.02,0.0075
07.04.2021 10:38:06.397 GMT+0100,3497.467,3493.5740000000005,0.02,0.02
07.04.2021 10:38:06.474 GMT+0100,3498.385,3493.451,0.02,0.02
07.04.2021 10:38:08.469 GMT+0100,3498.426,3494.697,0.02,0.0075
07.04.2021 10:38:19.183 GMT+0100,3498.467,3495.5740000000005,0.02,0.0075
07.04.2021 10:38:19.233 GMT+0100,3498,3493.451,0.02,0.02
07.04.2021 10:38:19.709 GMT+0100,3498.5490000000004,3494.82,0.02,0.0075
07.04.2021 10:38:24.922 GMT+0100,3498.385,3495.6150000000002,0.02,0.02
07.04.2021 10:38:26.553 GMT+0100,3498.5490000000004,3495,0.02,0.02
07.04.2021 10:38:26.890 GMT+0100,3498,3495.533,0.02,0.02
07.04.2021 10:38:28.770 GMT+0100,3498.467,3494.82,0.02,0.02
07.04.2021 10:38:34.500 GMT+0100,3498.5490000000004,3495.533,0.02,0.02
07.04.2021 10:38:43.201 GMT+0100,3498.5490000000004,3495,0.02,0.02
07.04.2021 10:38:51.299 GMT+0100,3498.3440000000005,3495.492,0.02,0.02
07.04.2021 10:38:51.457 GMT+0100,3498.303,3496.6150000000002,0.02,0.0075
07.04.2021 10:38:51.508 GMT+0100,3498.5490000000004,3495.656,0.02,0.02
07.04.2021 10:39:05.685 GMT+0100,3498.508,3494.492,0.02,0.02
07.04.2021 10:39:07.133 GMT+0100,3498,3495.656,0.02,0.02
07.04.2021 10:39:11.565 GMT+0100,3498.5490000000004,3494.6150000000002,0.02,0.02
07.04.2021 10:39:13.624 GMT+0100,3498,3495.492,0.02,0.0075
07.04.2021 10:39:19.707 GMT+0100,3498.262,3495,0.02,0.02
07.04.2021 10:39:20.608 GMT+0100,3498.262,3495.697,0.02,0.0075
07.04.2021 10:39:21.732 GMT+0100,3498.5490000000004,3494.738,0.02,0.02
07.04.2021 10:39:25.445 GMT+0100,3498.3440000000005,3495.5740000000005,0.02,0.0075
07.04.2021 10:39:33.914 GMT+0100,3498,3494.492,0.02,0.02
07.04.2021 10:39:37.207 GMT+0100,3498.1800000000003,3496,0.02,0.02
07.04.2021 10:40:02.605 GMT+0100,3497.5490000000004,3496,0.0075,0.0075
07.04.2021 10:40:02.655 GMT+0100,3497.508,3494.6150000000002,0.02,0.02
07.04.2021 10:40:02.764 GMT+0100,3497.5490000000004,3493.697,0.02,0.02
07.04.2021 10:40:12.427 GMT+0100,3496.5490000000004,3493.451,0.0075,0.0075
07.04.2021 10:40:12.477 GMT+0100,3496.221,3492.697,0.02,0.02
07.04.2021 10:40:12.582 GMT+0100,3497.221,3492.5740000000005,0.02,0.02
07.04.2021 10:40:14.479 GMT+0100,3497,3493.6150000000002,0.02,0.0075
07.04.2021 10:40:15.910 GMT+0100,3497,3492.7790000000005,0.02,0.02
07.04.2021 10:40:15.981 GMT+0100,3497.1800000000003,3493.7790000000005,0.02,0.0075
07.04.2021 10:40:16.989 GMT+0100,3497.5490000000004,3492.6150000000002,0.02,0.02
07.04.2021 10:40:18.335 GMT+0100,3495.221,3490.492,0.02,0.02
07.04.2021 10:40:19.392 GMT+0100,3495.5490000000004,3491.7790000000005,0.02,0.02
07.04.2021 10:40:26.351 GMT+0100,3495,3490.6150000000002,0.02,0.02
07.04.2021 10:40:32.042 GMT+0100,3495.221,3491.82,0.02,0.02
07.04.2021 10:42:59.128 GMT+0100,3496.508,3492,0.02,0.02
07.04.2021 10:43:00.459 GMT+0100,3496.262,3492.656,0.02,0.02
07.04.2021 10:43:07.339 GMT+0100,3495.303,3492.656,0.02,0.02
07.04.2021 10:43:10.133 GMT+0100,3496.303,3492.738,0.02,0.02
07.04.2021 10:43:24.368 GMT+0100,3495.3440000000005,3492.82,0.0075,0.02
07.04.2021 10:43:24.468 GMT+0100,3496.426,3493,0.02,0.02
07.04.2021 10:45:30.488 GMT+0100,3495.221,3491.82,0.02,0.02
07.04.2021 10:45:42.200 GMT+0100,3494.5490000000004,3491.5740000000005,0.02,0.02
07.04.2021 10:47:28.011 GMT+0100,3495.3440000000005,3491.533,0.02,0.02
07.04.2021 10:47:28.062 GMT+0100,3496.508,3492.451,0.02,0.02
07.04.2021 10:48:10.540 GMT+0100,3495.1800000000003,3492.533,0.02,0.02
07.04.2021 10:48:19.454 GMT+0100,3495.1800000000003,3491.6150000000002,0.02,0.02
07.04.2021 10:48:33.101 GMT+0100,3496.303,3492,0.02,0.02
07.04.2021 10:48:36.587 GMT+0100,3495.221,3491.697,0.02,0.02
07.04.2021 10:48:38.483 GMT+0100,3494,3491.533,0.0075,0.02
07.04.2021 10:48:38.647 GMT+0100,3495.303,3492,0.02,0.02
07.04.2021 10:48:54.507 GMT+0100,3495.508,3492.656,0.02,0.0075
07.04.2021 10:48:54.558 GMT+0100,3496.426,3492.492,0.02,0.02
07.04.2021 10:48:58.582 GMT+0100,3496.426,3491.697,0.02,0.02
07.04.2021 10:49:04.639 GMT+0100,3496.385,3492.492,0.02,0.02
07.04.2021 10:49:04.885 GMT+0100,3496.221,3491.697,0.02,0.02
07.04.2021 10:49:28.016 GMT+0100,3496.221,3492.451,0.02,0.0075
07.04.2021 10:49:28.447 GMT+0100,3496.303,3491.697,0.02,0.02
07.04.2021 10:49:33.476 GMT+0100,3496.262,3492.7790000000005,0.02,0.0075
07.04.2021 10:50:17.201 GMT+0100,3495.1800000000003,3492.656,0.02,0.02
07.04.2021 10:50:51.471 GMT+0100,3496.467,3492.82,0.02,0.02
07.04.2021 10:50:51.521 GMT+0100,3495.5490000000004,3493,0.02,0.02
07.04.2021 10:51:18.266 GMT+0100,3495.508,3491.451,0.02,0.02
07.04.2021 10:51:28.029 GMT+0100,3495.467,3492.697,0.02,0.0075
07.04.2021 10:51:28.129 GMT+0100,3495.385,3491.5740000000005,0.02,0.02
07.04.2021 10:52:15.562 GMT+0100,3495.303,3492.5740000000005,0.02,0.0075
07.04.2021 10:52:19.298 GMT+0100,3495.508,3491.5740000000005,0.02,0.02
07.04.2021 10:52:40.865 GMT+0100,3493.303,3489.6150000000002,0.02,0.02
07.04.2021 10:52:40.999 GMT+0100,3493.1800000000003,3490.5740000000005,0.02,0.02
07.04.2021 10:52:41.582 GMT+0100,3493.1800000000003,3489.738,0.02,0.02
07.04.2021 10:53:03.413 GMT+0100,3492.3440000000005,3488.533,0.02,0.02
07.04.2021 10:54:42.002 GMT+0100,3492.221,3486.697,0.02,0.02
07.04.2021 10:54:42.052 GMT+0100,3490.508,3485.82,0.02,0.02
07.04.2021 10:54:43.016 GMT+0100,3490.5490000000004,3486.451,0.02,0.0075
07.04.2021 10:54:43.782 GMT+0100,3491.385,3486,0.02,0.02
07.04.2021 10:54:47.779 GMT+0100,3491.3440000000005,3486.5740000000005,0.02,0.02
07.04.2021 10:55:01.036 GMT+0100,3491.3440000000005,3487.5740000000005,0.02,0.0075
07.04.2021 10:55:05.050 GMT+0100,3491.303,3488.738,0.02,0.02
07.04.2021 10:55:05.899 GMT+0100,3490.303,3488.451,0.02,0.02
07.04.2021 10:55:06.001 GMT+0100,3491.303,3489,0.02,0.02
07.04.2021 10:55:06.565 GMT+0100,3491.508,3487.738,0.02,0.02
07.04.2021 10:55:24.125 GMT+0100,3490.426,3487.656,0.0075,0.0075
07.04.2021 10:55:24.176 GMT+0100,3490.508,3485.6150000000002,0.02,0.02
07.04.2021 10:55:35.451 GMT+0100,3490.467,3484.656,0.02,0.02
07.04.2021 10:55:35.718 GMT+0100,3490.262,3486,0.02,0.0075
07.04.2021 10:55:42.496 GMT+0100,3489.303,3485.533,0.02,0.02
07.04.2021 10:55:42.606 GMT+0100,3490.262,3485.7790000000005,0.02,0.02
07.04.2021 10:55:50.812 GMT+0100,3489.426,3485.82,0.0075,0.02
07.04.2021 10:55:52.077 GMT+0100,3490.3440000000005,3485.656,0.02,0.02
07.04.2021 10:55:53.050 GMT+0100,3489.262,3485.738,0.0075,0.02
07.04.2021 10:55:56.382 GMT+0100,3490.303,3485.5740000000005,0.02,0.02
07.04.2021 10:56:00.106 GMT+0100,3489.508,3485.451,0.02,0.02
07.04.2021 10:56:01.961 GMT+0100,3490.3440000000005,3485.492,0.02,0.02
07.04.2021 10:56:05.993 GMT+0100,3490.303,3487.451,0.0075,0.0075
07.04.2021 10:56:06.043 GMT+0100,3491,3485.697,0.02,0.02
07.04.2021 10:56:06.094 GMT+0100,3491,3486.492,0.02,0.02
07.04.2021 10:56:06.211 GMT+0100,3492.262,3487.7790000000005,0.02,0.02
07.04.2021 10:56:08.342 GMT+0100,3491.467,3486.7790000000005,0.02,0.02
07.04.2021 10:56:11.640 GMT+0100,3491.221,3485.492,0.02,0.02
07.04.2021 10:56:24.208 GMT+0100,3490,3485.533,0.02,0.02
07.04.2021 10:56:24.258 GMT+0100,3491.385,3486,0.02,0.02
07.04.2021 10:56:33.594 GMT+0100,3490.508,3485.5740000000005,0.0075,0.02
07.04.2021 10:56:34.836 GMT+0100,3490.1800000000003,3486.697,0.02,0.02
07.04.2021 10:56:35.118 GMT+0100,3490.467,3485.7790000000005,0.02,0.02
07.04.2021 10:56:37.843 GMT+0100,3490,3486.5740000000005,0.02,0.02
07.04.2021 10:56:41.034 GMT+0100,3490.221,3488,0.02,0.0075
07.04.2021 10:56:41.134 GMT+0100,3490.221,3486.533,0.02,0.02
07.04.2021 10:56:43.993 GMT+0100,3490.262,3487.697,0.02,0.0075
07.04.2021 10:57:56.605 GMT+0100,3489.262,3487.5740000000005,0.0075,0.0075
07.04.2021 10:57:56.655 GMT+0100,3489.221,3485.5740000000005,0.02,0.02
07.04.2021 10:57:57.035 GMT+0100,3488.508,3485.82,0.02,0.02
07.04.2021 10:57:57.135 GMT+0100,3489.3440000000005,3485.533,0.02,0.02
07.04.2021 10:57:59.250 GMT+0100,3490.221,3485.697,0.02,0.02
07.04.2021 10:57:59.630 GMT+0100,3489.3440000000005,3485.82,0.0075,0.02
07.04.2021 10:57:59.731 GMT+0100,3490.5490000000004,3485.451,0.02,0.02
07.04.2021 10:58:01.132 GMT+0100,3489.508,3485.697,0.0075,0.02
07.04.2021 10:58:25.796 GMT+0100,3490.426,3485.492,0.02,0.02
07.04.2021 10:58:25.847 GMT+0100,3490.426,3486.451,0.02,0.02
07.04.2021 10:58:27.442 GMT+0100,3490.221,3485.7790000000005,0.02,0.02
07.04.2021 10:58:27.703 GMT+0100,3490.221,3486.492,0.02,0.0075
07.04.2021 10:58:27.854 GMT+0100,3489.221,3487,0.02,0.02
07.04.2021 10:58:27.987 GMT+0100,3490.303,3486.533,0.02,0.02
07.04.2021 10:59:00.529 GMT+0100,3490.5490000000004,3487.5740000000005,0.02,0.0075
07.04.2021 10:59:00.995 GMT+0100,3490.262,3485.5740000000005,0.02,0.02
07.04.2021 10:59:14.869 GMT+0100,3490.508,3486.451,0.02,0.02
07.04.2021 10:59:44.400 GMT+0100,3490.1800000000003,3487.533,0.02,0.0075
07.04.2021 10:59:44.450 GMT+0100,3492.508,3488.656,0.02,0.02
07.04.2021 10:59:51.130 GMT+0100,3492.221,3489.451,0.02,0.0075
07.04.2021 11:00:03.101 GMT+0100,3493.262,3489.5740000000005,0.02,0.02
07.04.2021 11:00:24.047 GMT+0100,3493.3440000000005,3488.82,0.02,0.02
07.04.2021 11:01:35.096 GMT+0100,3493.303,3489.738,0.02,0.02
07.04.2021 11:01:39.375 GMT+0100,3493,3488.451,0.02,0.02
07.04.2021 11:02:25.768 GMT+0100,3493.5490000000004,3490.6150000000002,0.0075,0.0075
07.04.2021 11:02:25.819 GMT+0100,3494.221,3490.5740000000005,0.02,0.02
07.04.2021 11:02:35.625 GMT+0100,3494.262,3491.82,0.02,0.0075
07.04.2021 11:02:36.512 GMT+0100,3494.5490000000004,3490.533,0.02,0.02
07.04.2021 11:03:55.083 GMT+0100,3493.3440000000005,3490.656,0.0075,0.02
07.04.2021 11:03:55.133 GMT+0100,3493.426,3489.7790000000005,0.02,0.02
07.04.2021 11:04:03.101 GMT+0100,3493.262,3490.6150000000002,0.02,0.0075
07.04.2021 11:04:06.353 GMT+0100,3494.5490000000004,3490.533,0.02,0.02
07.04.2021 11:04:53.428 GMT+0100,3494.508,3489.738,0.02,0.02
07.04.2021 11:05:09.104 GMT+0100,3494.508,3490.697,0.02,0.0075
07.04.2021 11:05:20.656 GMT+0100,3494.467,3489.7790000000005,0.02,0.02
07.04.2021 11:05:24.104 GMT+0100,3494.385,3490.533,0.02,0.02
07.04.2021 11:05:25.947 GMT+0100,3494.303,3489.82,0.02,0.02
07.04.2021 11:05:48.360 GMT+0100,3494.426,3490.451,0.02,0.02
07.04.2021 11:05:55.104 GMT+0100,3494.1800000000003,3489.492,0.02,0.02
07.04.2021 11:05:58.507 GMT+0100,3494.385,3490.7790000000005,0.02,0.02
07.04.2021 11:06:10.301 GMT+0100,3494.1800000000003,3489.533,0.02,0.02
07.04.2021 11:06:17.096 GMT+0100,3494.221,3490.451,0.02,0.0075
07.04.2021 11:06:49.499 GMT+0100,3494.3440000000005,3489.82,0.02,0.02
07.04.2021 11:07:27.826 GMT+0100,3494.508,3491,0.02,0.02
07.04.2021 11:07:35.737 GMT+0100,3494.221,3491.451,0.02,0.02
07.04.2021 11:07:38.121 GMT+0100,3494.385,3490.7790000000005,0.02,0.02
07.04.2021 11:07:58.661 GMT+0100,3494.467,3491.451,0.02,0.0075
07.04.2021 11:08:01.094 GMT+0100,3494,3493.75,0.0075,0.0075
07.04.2021 11:08:01.145 GMT+0100,3496.221,3492.5740000000005,0.02,0.02
07.04.2021 11:08:01.703 GMT+0100,3495.5490000000004,3492.5740000000005,0.0075,0.02
07.04.2021 11:08:02.229 GMT+0100,3495.508,3493.738,0.02,0.02
07.04.2021 11:09:26.850 GMT+0100,3495.508,3492.738,0.02,0.02
07.04.2021 11:10:17.950 GMT+0100,3492.385,3488.5740000000005,0.02,0.02
07.04.2021 11:10:18.866 GMT+0100,3490.426,3488.6150000000002,0.0075,0.0075
07.04.2021 11:10:18.916 GMT+0100,3490.262,3486.82,0.02,0.02
07.04.2021 11:10:18.967 GMT+0100,3488.303,3484.697,0.02,0.02
07.04.2021 11:10:19.070 GMT+0100,3488.1800000000003,3485.738,0.02,0.02
07.04.2021 11:10:19.213 GMT+0100,3488.426,3485,0.02,0.02
07.04.2021 11:10:20.060 GMT+0100,3489.1800000000003,3484.451,0.02,0.02
07.04.2021 11:10:20.212 GMT+0100,3487.3440000000005,3484.533,0.0075,0.02
07.04.2021 11:10:25.467 GMT+0100,3490.1800000000003,3484.656,0.02,0.02
07.04.2021 11:10:25.701 GMT+0100,3490.3440000000005,3485.6150000000002,0.02,0.0075
07.04.2021 11:10:25.751 GMT+0100,3491.303,3485.5740000000005,0.02,0.02
07.04.2021 11:10:26.712 GMT+0100,3491.508,3486.697,0.02,0.0075
07.04.2021 11:10:29.808 GMT+0100,3489.221,3486.492,0.0075,0.0075
07.04.2021 11:10:29.859 GMT+0100,3489.221,3484.451,0.02,0.02
07.04.2021 11:10:30.344 GMT+0100,3488.508,3484.697,0.0075,0.02
07.04.2021 11:10:30.858 GMT+0100,3489.426,3485,0.02,0.02
07.04.2021 11:10:33.659 GMT+0100,3489.3440000000005,3485.533,0.0075,0.0075
07.04.2021 11:10:33.710 GMT+0100,3490.426,3485.5740000000005,0.02,0.02
07.04.2021 11:10:33.866 GMT+0100,3490.385,3484.7790000000005,0.02,0.02
07.04.2021 11:10:42.200 GMT+0100,3489.303,3484.697,0.0075,0.02
07.04.2021 11:10:43.123 GMT+0100,3490.467,3484.82,0.02,0.02
07.04.2021 11:10:45.038 GMT+0100,3490.262,3486.697,0.02,0.0075
07.04.2021 11:10:45.189 GMT+0100,3489.467,3484.533,0.02,0.02
07.04.2021 11:10:45.289 GMT+0100,3490.3440000000005,3484.82,0.02,0.02
07.04.2021 11:10:48.812 GMT+0100,3490.426,3485.6150000000002,0.02,0.0075
07.04.2021 11:10:51.137 GMT+0100,3489.385,3485.82,0.02,0.02
07.04.2021 11:11:09.248 GMT+0100,3489.385,3486.738,0.02,0.02
07.04.2021 11:11:09.382 GMT+0100,3489.262,3485.492,0.02,0.02
07.04.2021 11:11:30.305 GMT+0100,3492.508,3486.5740000000005,0.02,0.02
07.04.2021 11:11:30.432 GMT+0100,3491.385,3486.656,0.0075,0.02
07.04.2021 11:11:30.605 GMT+0100,3491.508,3486,0.02,0.02
07.04.2021 11:11:33.808 GMT+0100,3491.467,3487.6150000000002,0.0075,0.0075
07.04.2021 11:11:33.859 GMT+0100,3492.262,3487.5740000000005,0.02,0.02
07.04.2021 11:11:58.804 GMT+0100,3491.5490000000004,3487.492,0.0075,0.02
07.04.2021 11:12:05.409 GMT+0100,3490.221,3487.697,0.0075,0.0075
07.04.2021 11:12:05.459 GMT+0100,3490,3485.533,0.02,0.02
07.04.2021 11:12:05.516 GMT+0100,3491,3485.7790000000005,0.02,0.02
07.04.2021 11:12:31.279 GMT+0100,3491.385,3486.451,0.02,0.0075
07.04.2021 11:12:31.330 GMT+0100,3492.426,3486.7790000000005,0.02,0.02
07.04.2021 11:12:31.596 GMT+0100,3491.1800000000003,3486.697,0.0075,0.02
07.04.2021 11:12:33.620 GMT+0100,3490.303,3486.6150000000002,0.02,0.02
07.04.2021 11:12:33.811 GMT+0100,3491.303,3486.697,0.02,0.02
07.04.2021 11:12:38.799 GMT+0100,3491.262,3485.5740000000005,0.02,0.02
07.04.2021 11:12:39.792 GMT+0100,3491.5490000000004,3486.451,0.02,0.0075
07.04.2021 11:12:39.970 GMT+0100,3491.467,3485.7790000000005,0.02,0.02
07.04.2021 11:12:58.250 GMT+0100,3491.262,3486.5740000000005,0.02,0.0075
07.04.2021 11:13:29.322 GMT+0100,3490.262,3486.533,0.0075,0.0075
07.04.2021 11:13:29.373 GMT+0100,3490.508,3485.5740000000005,0.02,0.02
07.04.2021 11:13:29.473 GMT+0100,3491,3485.656,0.02,0.02
07.04.2021 11:13:33.238 GMT+0100,3490.426,3485.82,0.0075,0.02
07.04.2021 11:13:40.881 GMT+0100,3490.467,3486.533,0.02,0.02
07.04.2021 11:13:40.931 GMT+0100,3492,3486.492,0.02,0.02
07.04.2021 11:13:44.733 GMT+0100,3491.426,3486.82,0.0075,0.02
07.04.2021 11:13:51.481 GMT+0100,3490.467,3485.738,0.02,0.02
07.04.2021 11:13:59.810 GMT+0100,3490.508,3486.738,0.02,0.0075
07.04.2021 11:16:23.436 GMT+0100,3491.262,3487,0.01,0.01
07.04.2021 11:16:34.380 GMT+0100,3492.3440000000005,3486.656,0.02,0.02
07.04.2021 11:16:37.047 GMT+0100,3491.426,3486.738,0.0075,0.02
07.04.2021 11:16:44.632 GMT+0100,3491.467,3487.656,0.02,0.02
07.04.2021 11:17:11.491 GMT+0100,3492.221,3487.492,0.02,0.02
07.04.2021 11:17:15.692 GMT+0100,3491.467,3487.5740000000005,0.0075,0.02
07.04.2021 11:17:28.035 GMT+0100,3492.385,3487.5740000000005,0.02,0.02
07.04.2021 11:18:17.609 GMT+0100,3491.1800000000003,3487.5740000000005,0.0075,0.02
07.04.2021 11:18:47.671 GMT+0100,3492.385,3487.492,0.02,0.02
07.04.2021 11:19:27.428 GMT+0100,3491.467,3487.492,0.0075,0.02
07.04.2021 11:19:55.028 GMT+0100,3492.385,3487.697,0.02,0.02
07.04.2021 11:20:02.996 GMT+0100,3491.3440000000005,3487.738,0.0075,0.02
07.04.2021 11:20:37.811 GMT+0100,3492.385,3488,0.02,0.02
07.04.2021 11:20:43.771 GMT+0100,3491.3440000000005,3487.533,0.0075,0.02
07.04.2021 11:20:53.467 GMT+0100,3492.221,3487.6150000000002,0.02,0.02
07.04.2021 11:21:08.870 GMT+0100,3491.508,3487.6150000000002,0.02,0.02
07.04.2021 11:21:29.127 GMT+0100,3492.3440000000005,3487.533,0.02,0.02
07.04.2021 11:21:29.188 GMT+0100,3492.221,3488.7790000000005,0.02,0.02
07.04.2021 11:21:31.912 GMT+0100,3491,3488.697,0.02,0.02
07.04.2021 11:21:34.870 GMT+0100,3490.426,3488.738,0.0075,0.02
07.04.2021 11:21:34.920 GMT+0100,3490.3440000000005,3487.697,0.02,0.02
