Local time,Ask,Bid,AskVolume,BidVolume
19.04.2021 08:01:22.372 GMT+0100,3549.385,3531.656,0.01,0.01
19.04.2021 08:01:22.517 GMT+0100,3550,3544.5740000000005,0.01,0.01
19.04.2021 08:01:24.149 GMT+0100,3550.426,3543.656,0.01,0.01
19.04.2021 08:01:25.576 GMT+0100,3549.303,3540.82,0.01,0.01
19.04.2021 08:01:25.652 GMT+0100,3550,3540.7790000000005,0.01,0.01
19.04.2021 08:01:54.235 GMT+0100,3549,3540.451,0.01,0.01
19.04.2021 08:01:56.059 GMT+0100,3550.221,3540.451,0.01,0.01
19.04.2021 08:02:00.750 GMT+0100,3549.385,3540.6150000000002,0.01,0.01
19.04.2021 08:02:00.951 GMT+0100,3545.5490000000004,3540.5740000000005,0.01,0.01
19.04.2021 08:02:04.021 GMT+0100,3545.303,3532.738,0.01,0.01
19.04.2021 08:02:14.125 GMT+0100,3545.262,3530.492,0.01,0.01
19.04.2021 08:02:14.175 GMT+0100,3540.508,3529.451,0.01,0.01
19.04.2021 08:02:26.557 GMT+0100,3540.467,3532.82,0.01,0.01
19.04.2021 08:03:02.844 GMT+0100,3538.385,3525.5740000000005,0.01,0.01
19.04.2021 08:03:04.222 GMT+0100,3535,3521.656,0.01,0.01
19.04.2021 08:03:05.346 GMT+0100,3533.262,3521.7790000000005,0.01,0.01
19.04.2021 08:03:14.844 GMT+0100,3533.508,3522.492,0.01,0.01
19.04.2021 08:03:14.895 GMT+0100,3533.508,3521.533,0.01,0.01
19.04.2021 08:03:20.401 GMT+0100,3533.467,3522.6150000000002,0.01,0.01
19.04.2021 08:03:20.451 GMT+0100,3533.5490000000004,3522,0.01,0.01
19.04.2021 08:03:27.184 GMT+0100,3533.5490000000004,3523.7790000000005,0.01,0.01
19.04.2021 08:06:06.917 GMT+0100,3525.262,3513.656,0.01,0.01
19.04.2021 08:06:07.117 GMT+0100,3522.508,3515.6150000000002,0.02,0.0075
19.04.2021 08:06:07.616 GMT+0100,3525.467,3515.7790000000005,0.02,0.02
19.04.2021 08:06:09.617 GMT+0100,3525.221,3521.533,0.0075,0.0075
19.04.2021 08:06:09.716 GMT+0100,3531.221,3521.6150000000002,0.02,0.02
19.04.2021 08:06:13.058 GMT+0100,3531.262,3523.5740000000005,0.02,0.02
19.04.2021 08:06:26.119 GMT+0100,3531,3522.7790000000005,0.02,0.02
19.04.2021 08:06:26.169 GMT+0100,3530.221,3522.5740000000005,0.02,0.02
19.04.2021 08:06:56.995 GMT+0100,3530.5490000000004,3525.82,0.02,0.02
19.04.2021 08:06:57.099 GMT+0100,3531.5490000000004,3526.738,0.02,0.02
19.04.2021 08:06:57.254 GMT+0100,3531.467,3522.451,0.02,0.02
19.04.2021 08:07:04.892 GMT+0100,3531.5490000000004,3524.492,0.02,0.0075
19.04.2021 08:07:04.942 GMT+0100,3533.385,3524.82,0.02,0.02
19.04.2021 08:07:07.266 GMT+0100,3532.467,3524.533,0.02,0.02
19.04.2021 08:07:09.941 GMT+0100,3532.5490000000004,3525.492,0.02,0.0075
19.04.2021 08:07:09.991 GMT+0100,3532,3524.451,0.02,0.02
19.04.2021 08:07:10.042 GMT+0100,3532.1800000000003,3526.533,0.02,0.02
19.04.2021 08:07:15.217 GMT+0100,3533,3526.451,0.02,0.02
19.04.2021 08:07:41.421 GMT+0100,3533.303,3526,0.02,0.02
19.04.2021 08:07:41.471 GMT+0100,3533.508,3527.6150000000002,0.02,0.02
19.04.2021 08:07:54.068 GMT+0100,3533.303,3528.6150000000002,0.02,0.0075
19.04.2021 08:07:57.562 GMT+0100,3533.262,3525.451,0.02,0.02
19.04.2021 08:08:15.200 GMT+0100,3532,3525.656,0.0075,0.02
19.04.2021 08:08:29.492 GMT+0100,3530.5490000000004,3525.7790000000005,0.0075,0.0075
19.04.2021 08:08:29.542 GMT+0100,3529.262,3521.6150000000002,0.02,0.02
19.04.2021 08:08:58.490 GMT+0100,3529,3525.5740000000005,0.02,0.0075
19.04.2021 08:08:59.720 GMT+0100,3529.5490000000004,3521.451,0.02,0.02
19.04.2021 08:09:01.887 GMT+0100,3529.303,3525,0.02,0.0075
19.04.2021 08:09:31.760 GMT+0100,3529.262,3523.5740000000005,0.02,0.02
19.04.2021 08:09:42.148 GMT+0100,3529.5490000000004,3524.5740000000005,0.02,0.02
19.04.2021 08:09:52.991 GMT+0100,3529.385,3523.697,0.02,0.02
19.04.2021 08:10:21.320 GMT+0100,3529.303,3524.6150000000002,0.02,0.0075
19.04.2021 08:10:31.153 GMT+0100,3529.3440000000005,3523.492,0.02,0.02
19.04.2021 08:10:38.420 GMT+0100,3529.385,3524.6150000000002,0.02,0.02
19.04.2021 08:11:15.414 GMT+0100,3529.303,3521.697,0.02,0.02
19.04.2021 08:11:15.475 GMT+0100,3529,3522.492,0.02,0.0075
19.04.2021 08:11:40.020 GMT+0100,3524.303,3517.6150000000002,0.02,0.02
19.04.2021 08:11:40.156 GMT+0100,3525.221,3517.82,0.02,0.02
19.04.2021 08:11:40.407 GMT+0100,3525.262,3518.7790000000005,0.02,0.0075
19.04.2021 08:11:40.457 GMT+0100,3526.5490000000004,3518.82,0.02,0.02
19.04.2021 08:11:51.371 GMT+0100,3525.508,3518.656,0.0075,0.02
19.04.2021 08:11:51.759 GMT+0100,3526.3440000000005,3518.5740000000005,0.02,0.02
19.04.2021 08:12:13.119 GMT+0100,3525.1800000000003,3518.6150000000002,0.0075,0.02
19.04.2021 08:12:13.352 GMT+0100,3523.426,3518.738,0.0075,0.02
19.04.2021 08:12:28.258 GMT+0100,3526.508,3518.697,0.02,0.02
19.04.2021 08:12:29.246 GMT+0100,3525.385,3518.5740000000005,0.0075,0.02
19.04.2021 08:12:36.230 GMT+0100,3524.5490000000004,3518.7790000000005,0.02,0.02
19.04.2021 08:12:52.007 GMT+0100,3523,3518.82,0.0075,0.0075
19.04.2021 08:12:52.057 GMT+0100,3519.3440000000005,3512.697,0.02,0.02
19.04.2021 08:12:52.108 GMT+0100,3519.467,3511.738,0.02,0.02
19.04.2021 08:12:53.028 GMT+0100,3518.426,3512.82,0.0075,0.0075
19.04.2021 08:12:54.074 GMT+0100,3521.426,3512.697,0.02,0.02
19.04.2021 08:12:54.124 GMT+0100,3522.467,3514,0.02,0.02
19.04.2021 08:13:10.200 GMT+0100,3524.1800000000003,3516.492,0.02,0.02
19.04.2021 08:13:12.683 GMT+0100,3524.262,3517.697,0.02,0.02
19.04.2021 08:13:13.421 GMT+0100,3524.5490000000004,3518.697,0.0075,0.0075
19.04.2021 08:13:13.471 GMT+0100,3527.385,3519,0.02,0.02
19.04.2021 08:13:16.628 GMT+0100,3525.1800000000003,3518.82,0.0075,0.02
19.04.2021 08:13:16.678 GMT+0100,3525,3517.5740000000005,0.02,0.02
19.04.2021 08:13:21.080 GMT+0100,3525.426,3518.451,0.0075,0.0075
19.04.2021 08:13:21.131 GMT+0100,3527.221,3518.738,0.02,0.02
19.04.2021 08:13:21.248 GMT+0100,3526.5490000000004,3518.6150000000002,0.02,0.02
19.04.2021 08:13:21.350 GMT+0100,3525.221,3519,0.02,0.02
19.04.2021 08:13:33.216 GMT+0100,3528,3519.533,0.02,0.02
19.04.2021 08:13:35.336 GMT+0100,3529.508,3520.82,0.02,0.02
19.04.2021 08:13:39.142 GMT+0100,3527.1800000000003,3522.697,0.02,0.02
19.04.2021 08:13:59.884 GMT+0100,3527.262,3520.656,0.02,0.02
19.04.2021 08:13:59.935 GMT+0100,3527.467,3519.738,0.02,0.02
19.04.2021 08:13:59.985 GMT+0100,3527.303,3520.533,0.02,0.02
19.04.2021 08:14:00.035 GMT+0100,3527.221,3519.656,0.02,0.02
19.04.2021 08:14:00.086 GMT+0100,3527.221,3520.5740000000005,0.02,0.02
19.04.2021 08:14:00.872 GMT+0100,3526.5490000000004,3520.492,0.0075,0.02
19.04.2021 08:14:00.922 GMT+0100,3527,3520.738,0.02,0.02
19.04.2021 08:14:12.039 GMT+0100,3528.426,3521.492,0.02,0.02
19.04.2021 08:14:33.864 GMT+0100,3527.262,3521.7790000000005,0.0075,0.02
19.04.2021 08:14:33.914 GMT+0100,3528.508,3521.492,0.02,0.02
19.04.2021 08:14:40.604 GMT+0100,3528.5490000000004,3521,0.02,0.02
19.04.2021 08:15:04.630 GMT+0100,3528.262,3521.5740000000005,0.02,0.02
19.04.2021 08:15:17.400 GMT+0100,3528.262,3522.533,0.02,0.02
19.04.2021 08:15:17.481 GMT+0100,3529.262,3522.6150000000002,0.02,0.02
19.04.2021 08:15:17.942 GMT+0100,3528.3440000000005,3522.451,0.02,0.02
19.04.2021 08:15:58.042 GMT+0100,3525.303,3518.5740000000005,0.02,0.02
19.04.2021 08:16:02.470 GMT+0100,3526.5490000000004,3518.656,0.02,0.02
19.04.2021 08:16:02.520 GMT+0100,3527.1800000000003,3519.7790000000005,0.02,0.02
19.04.2021 08:16:19.193 GMT+0100,3526.1800000000003,3519.5740000000005,0.02,0.02
19.04.2021 08:16:56.448 GMT+0100,3523.221,3519.697,0.0075,0.0075
19.04.2021 08:16:56.499 GMT+0100,3523.303,3517.697,0.02,0.02
19.04.2021 08:16:56.616 GMT+0100,3522.262,3517.451,0.0075,0.0075
19.04.2021 08:16:56.667 GMT+0100,3522.221,3515.5740000000005,0.02,0.02
19.04.2021 08:16:56.912 GMT+0100,3522.1800000000003,3513.697,0.02,0.02
19.04.2021 08:16:57.484 GMT+0100,3522.508,3515,0.02,0.0075
19.04.2021 08:16:57.942 GMT+0100,3522.303,3516,0.02,0.02
19.04.2021 08:16:58.050 GMT+0100,3523.508,3516,0.02,0.02
19.04.2021 08:16:58.157 GMT+0100,3523.3440000000005,3516.697,0.02,0.0075
19.04.2021 08:16:58.258 GMT+0100,3523.508,3515.533,0.02,0.02
19.04.2021 08:17:01.620 GMT+0100,3523.262,3516.6150000000002,0.02,0.02
19.04.2021 08:17:01.670 GMT+0100,3524.426,3516.6150000000002,0.02,0.02
19.04.2021 08:17:03.923 GMT+0100,3524.221,3515.738,0.02,0.02
19.04.2021 08:17:16.139 GMT+0100,3523.467,3515.6150000000002,0.02,0.02
19.04.2021 08:17:16.242 GMT+0100,3522.5490000000004,3516,0.02,0.02
19.04.2021 08:17:16.690 GMT+0100,3519,3515.738,0.0075,0.02
19.04.2021 08:17:16.850 GMT+0100,3521.467,3515.82,0.02,0.02
19.04.2021 08:17:22.270 GMT+0100,3522.221,3516,0.02,0.02
19.04.2021 08:17:22.450 GMT+0100,3521.221,3515.697,0.0075,0.02
19.04.2021 08:17:22.763 GMT+0100,3522.262,3515.738,0.02,0.02
19.04.2021 08:17:23.092 GMT+0100,3521.467,3515.697,0.02,0.02
19.04.2021 08:17:25.314 GMT+0100,3522.426,3515.738,0.02,0.02
19.04.2021 08:17:26.446 GMT+0100,3521.221,3515.492,0.0075,0.02
19.04.2021 08:17:30.093 GMT+0100,3522,3515.7790000000005,0.02,0.02
19.04.2021 08:17:33.206 GMT+0100,3521.221,3515.7790000000005,0.0075,0.02
19.04.2021 08:17:34.876 GMT+0100,3522.5490000000004,3515.738,0.02,0.02
19.04.2021 08:17:39.078 GMT+0100,3521.5490000000004,3515.451,0.02,0.02
19.04.2021 08:17:46.642 GMT+0100,3522.426,3515.697,0.02,0.02
19.04.2021 08:17:50.539 GMT+0100,3519.426,3516,0.0075,0.0075
19.04.2021 08:17:50.590 GMT+0100,3519.467,3512.533,0.02,0.02
19.04.2021 08:17:57.089 GMT+0100,3520.262,3513.6150000000002,0.0075,0.0075
19.04.2021 08:17:57.139 GMT+0100,3521.426,3513.82,0.02,0.02
19.04.2021 08:18:03.878 GMT+0100,3521.303,3516.82,0.02,0.02
19.04.2021 08:18:04.400 GMT+0100,3517.508,3512.492,0.02,0.02
19.04.2021 08:18:11.616 GMT+0100,3522.262,3514.5740000000005,0.02,0.02
19.04.2021 08:18:11.667 GMT+0100,3521.262,3513.656,0.02,0.02
19.04.2021 08:18:41.148 GMT+0100,3520.303,3512.7790000000005,0.02,0.02
19.04.2021 08:18:46.600 GMT+0100,3520.508,3513.738,0.02,0.0075
19.04.2021 08:18:47.022 GMT+0100,3521,3513.492,0.02,0.02
19.04.2021 08:18:49.338 GMT+0100,3520.508,3513.6150000000002,0.0075,0.02
19.04.2021 08:19:09.571 GMT+0100,3520.221,3512.738,0.02,0.02
19.04.2021 08:19:10.825 GMT+0100,3516.3440000000005,3512.82,0.0075,0.0075
19.04.2021 08:19:10.875 GMT+0100,3516.1800000000003,3510.533,0.02,0.02
19.04.2021 08:19:11.972 GMT+0100,3516.262,3512.7790000000005,0.02,0.02
19.04.2021 08:19:27.004 GMT+0100,3519.385,3512.533,0.02,0.02
19.04.2021 08:19:27.055 GMT+0100,3520.5490000000004,3513,0.02,0.02
19.04.2021 08:19:27.558 GMT+0100,3520.262,3514.492,0.02,0.02
19.04.2021 08:19:27.718 GMT+0100,3521,3514.451,0.02,0.02
19.04.2021 08:19:29.630 GMT+0100,3520.426,3514.6150000000002,0.0075,0.02
19.04.2021 08:19:52.620 GMT+0100,3521.426,3514.697,0.02,0.02
19.04.2021 08:19:52.670 GMT+0100,3520.221,3514.6150000000002,0.02,0.02
19.04.2021 08:19:52.721 GMT+0100,3521.385,3514.7790000000005,0.02,0.02
19.04.2021 08:19:54.832 GMT+0100,3520.508,3514.697,0.0075,0.02
19.04.2021 08:20:00.600 GMT+0100,3521.426,3514.82,0.02,0.02
19.04.2021 08:20:08.135 GMT+0100,3520.385,3514.492,0.0075,0.02
19.04.2021 08:20:10.295 GMT+0100,3521.303,3514.5740000000005,0.02,0.02
19.04.2021 08:20:11.553 GMT+0100,3520.262,3515,0.0075,0.02
19.04.2021 08:20:13.103 GMT+0100,3521.426,3514.6150000000002,0.02,0.02
19.04.2021 08:20:13.556 GMT+0100,3522.303,3514.697,0.02,0.02
19.04.2021 08:20:13.606 GMT+0100,3521.303,3514.6150000000002,0.02,0.02
19.04.2021 08:20:14.650 GMT+0100,3522.5490000000004,3516.533,0.02,0.02
19.04.2021 08:20:17.857 GMT+0100,3523.1800000000003,3516.82,0.02,0.02
19.04.2021 08:20:19.042 GMT+0100,3523.3440000000005,3517.6150000000002,0.02,0.02
19.04.2021 08:20:20.079 GMT+0100,3521.262,3518,0.0075,0.02
19.04.2021 08:20:31.538 GMT+0100,3521.467,3516.451,0.02,0.02
19.04.2021 08:20:35.776 GMT+0100,3520.508,3513.6150000000002,0.02,0.02
19.04.2021 08:20:35.890 GMT+0100,3521,3513.492,0.02,0.02
19.04.2021 08:20:43.871 GMT+0100,3519.467,3513.82,0.0075,0.0075
19.04.2021 08:20:43.921 GMT+0100,3518.303,3511.656,0.02,0.02
19.04.2021 08:20:44.548 GMT+0100,3518.303,3510.738,0.02,0.02
19.04.2021 08:20:48.444 GMT+0100,3518.5490000000004,3509.697,0.02,0.02
19.04.2021 08:20:48.495 GMT+0100,3518.221,3510.7790000000005,0.02,0.02
19.04.2021 08:20:57.034 GMT+0100,3516.3440000000005,3510.6150000000002,0.0075,0.0075
19.04.2021 08:20:57.084 GMT+0100,3516.467,3509.533,0.02,0.02
19.04.2021 08:21:00.170 GMT+0100,3515.467,3507.82,0.02,0.02
19.04.2021 08:21:00.655 GMT+0100,3515.1800000000003,3508.5740000000005,0.0075,0.0075
19.04.2021 08:21:00.705 GMT+0100,3516,3508.738,0.02,0.02
19.04.2021 08:21:01.062 GMT+0100,3516.467,3507.7790000000005,0.02,0.02
19.04.2021 08:21:02.617 GMT+0100,3516.467,3508.7790000000005,0.02,0.0075
19.04.2021 08:21:06.912 GMT+0100,3516.3440000000005,3507.82,0.02,0.02
19.04.2021 08:21:06.978 GMT+0100,3516.426,3508.7790000000005,0.02,0.02
19.04.2021 08:21:15.229 GMT+0100,3515.3440000000005,3507.533,0.02,0.02
19.04.2021 08:21:31.113 GMT+0100,3515.3440000000005,3508.492,0.02,0.0075
19.04.2021 08:21:35.187 GMT+0100,3513.467,3508.738,0.0075,0.0075
19.04.2021 08:21:35.237 GMT+0100,3513.5490000000004,3507.451,0.02,0.02
19.04.2021 08:21:35.288 GMT+0100,3514.3440000000005,3507.492,0.02,0.02
19.04.2021 08:21:51.655 GMT+0100,3514.467,3508.82,0.02,0.02
19.04.2021 08:21:51.866 GMT+0100,3514.1800000000003,3507.656,0.02,0.02
19.04.2021 08:22:02.924 GMT+0100,3513.303,3507.451,0.0075,0.02
19.04.2021 08:22:04.257 GMT+0100,3513.303,3506.492,0.02,0.02
19.04.2021 08:22:41.740 GMT+0100,3516.426,3508.533,0.02,0.02
19.04.2021 08:22:41.790 GMT+0100,3516.508,3512.738,0.02,0.02
19.04.2021 08:22:41.903 GMT+0100,3516.3440000000005,3511.738,0.02,0.02
19.04.2021 08:22:42.941 GMT+0100,3515.1800000000003,3511.656,0.0075,0.02
19.04.2021 08:22:43.200 GMT+0100,3516.1800000000003,3511.6150000000002,0.02,0.02
19.04.2021 08:22:52.474 GMT+0100,3515.221,3511.492,0.0075,0.02
19.04.2021 08:22:52.604 GMT+0100,3516.508,3511.82,0.02,0.02
19.04.2021 08:23:05.676 GMT+0100,3514.221,3511.533,0.0075,0.0075
19.04.2021 08:23:05.727 GMT+0100,3515.303,3509.656,0.02,0.02
19.04.2021 08:23:05.827 GMT+0100,3514.467,3506.5740000000005,0.02,0.02
19.04.2021 08:23:17.374 GMT+0100,3512.3440000000005,3506.6150000000002,0.02,0.02
19.04.2021 08:23:17.424 GMT+0100,3512.385,3505.451,0.02,0.02
19.04.2021 08:23:19.332 GMT+0100,3512.303,3504.5740000000005,0.02,0.02
19.04.2021 08:23:22.250 GMT+0100,3510.303,3504.7790000000005,0.0075,0.0075
19.04.2021 08:23:22.300 GMT+0100,3510.5490000000004,3503,0.02,0.02
19.04.2021 08:23:27.003 GMT+0100,3510.303,3503.7790000000005,0.02,0.0075
19.04.2021 08:23:27.053 GMT+0100,3511,3503.697,0.02,0.02
19.04.2021 08:23:33.012 GMT+0100,3510.1800000000003,3503.451,0.0075,0.0075
19.04.2021 08:23:33.062 GMT+0100,3510,3503,0.02,0.02
19.04.2021 08:24:00.844 GMT+0100,3509.385,3502.6150000000002,0.0075,0.02
19.04.2021 08:24:10.121 GMT+0100,3512.385,3505.6150000000002,0.02,0.02
19.04.2021 08:24:10.171 GMT+0100,3515.385,3506.82,0.02,0.02
19.04.2021 08:24:10.516 GMT+0100,3515.467,3507.533,0.02,0.02
19.04.2021 08:24:10.936 GMT+0100,3515.385,3509.533,0.02,0.0075
19.04.2021 08:24:11.318 GMT+0100,3516.1800000000003,3509.533,0.02,0.02
19.04.2021 08:24:12.114 GMT+0100,3515.3440000000005,3509.7790000000005,0.0075,0.02
19.04.2021 08:24:13.138 GMT+0100,3513.303,3509.451,0.0075,0.02
19.04.2021 08:24:19.815 GMT+0100,3514.385,3509.697,0.02,0.02
19.04.2021 08:25:06.060 GMT+0100,3515.5490000000004,3509.7790000000005,0.02,0.02
19.04.2021 08:25:32.117 GMT+0100,3514.221,3509.492,0.02,0.02
19.04.2021 08:25:39.897 GMT+0100,3516.467,3510,0.02,0.02
19.04.2021 08:25:43.046 GMT+0100,3515.385,3509.5740000000005,0.0075,0.02
19.04.2021 08:26:31.608 GMT+0100,3515.3440000000005,3510.7790000000005,0.02,0.0075
19.04.2021 08:26:47.481 GMT+0100,3516.508,3510.7790000000005,0.02,0.02
19.04.2021 08:26:49.689 GMT+0100,3516.262,3511.533,0.02,0.0075
19.04.2021 08:27:01.741 GMT+0100,3516.1800000000003,3512.82,0.02,0.0075
19.04.2021 08:27:04.301 GMT+0100,3516.1800000000003,3514,0.0075,0.0075
19.04.2021 08:27:04.351 GMT+0100,3521.262,3515.6150000000002,0.02,0.02
19.04.2021 08:27:04.498 GMT+0100,3521.303,3514.6150000000002,0.02,0.02
19.04.2021 08:27:04.710 GMT+0100,3521.426,3515.697,0.02,0.0075
19.04.2021 08:27:05.234 GMT+0100,3521.426,3517.7790000000005,0.02,0.0075
19.04.2021 08:27:11.542 GMT+0100,3521.5490000000004,3517,0.02,0.02
19.04.2021 08:27:42.997 GMT+0100,3521.303,3517.533,0.02,0.0075
19.04.2021 08:27:57.204 GMT+0100,3521.385,3518.451,0.0075,0.0075
19.04.2021 08:27:57.255 GMT+0100,3522.3440000000005,3518.697,0.02,0.02
19.04.2021 08:27:57.397 GMT+0100,3523.467,3518.697,0.02,0.02
19.04.2021 08:27:58.111 GMT+0100,3525,3518.82,0.02,0.02
19.04.2021 08:27:59.160 GMT+0100,3525,3520.451,0.02,0.02
19.04.2021 08:27:59.224 GMT+0100,3526.426,3520.492,0.02,0.02
19.04.2021 08:27:59.382 GMT+0100,3525.262,3520.5740000000005,0.0075,0.02
19.04.2021 08:28:04.683 GMT+0100,3524.303,3520.533,0.02,0.02
19.04.2021 08:28:47.008 GMT+0100,3524.426,3523.75,0.0075,0.0075
19.04.2021 08:28:47.058 GMT+0100,3527.1800000000003,3523.533,0.02,0.02
19.04.2021 08:28:47.200 GMT+0100,3526.426,3523.738,0.0075,0.02
19.04.2021 08:28:47.250 GMT+0100,3526.221,3521.492,0.02,0.02
19.04.2021 08:28:47.301 GMT+0100,3527.3440000000005,3521.697,0.02,0.02
19.04.2021 08:28:49.268 GMT+0100,3526,3521.5740000000005,0.0075,0.02
19.04.2021 08:30:30.600 GMT+0100,3527.1800000000003,3521.6150000000002,0.02,0.02
19.04.2021 08:30:33.704 GMT+0100,3526,3521.82,0.0075,0.02
19.04.2021 08:30:37.834 GMT+0100,3526.508,3522.738,0.0075,0.0075
19.04.2021 08:30:37.884 GMT+0100,3529.1800000000003,3521.5740000000005,0.02,0.02
19.04.2021 08:30:37.934 GMT+0100,3528.385,3521.5740000000005,0.02,0.02
19.04.2021 08:30:38.121 GMT+0100,3527.303,3521.697,0.02,0.02
19.04.2021 08:31:34.451 GMT+0100,3527.221,3523.738,0.02,0.02
19.04.2021 08:31:37.012 GMT+0100,3526,3523.6150000000002,0.0075,0.0075
19.04.2021 08:31:37.062 GMT+0100,3526.3440000000005,3521.451,0.02,0.02
19.04.2021 08:31:38.752 GMT+0100,3525.3440000000005,3521.738,0.0075,0.0075
19.04.2021 08:31:38.802 GMT+0100,3525.426,3518.656,0.02,0.02
19.04.2021 08:31:39.742 GMT+0100,3525.426,3519.656,0.02,0.02
19.04.2021 08:31:44.752 GMT+0100,3525.467,3520.82,0.02,0.0075
19.04.2021 08:31:46.591 GMT+0100,3526.303,3520.7790000000005,0.02,0.02
19.04.2021 08:31:48.924 GMT+0100,3526.467,3519.82,0.02,0.02
19.04.2021 08:31:56.391 GMT+0100,3526,3521.656,0.0075,0.0075
19.04.2021 08:31:56.442 GMT+0100,3527.221,3521.6150000000002,0.02,0.02
19.04.2021 08:31:56.543 GMT+0100,3529.3440000000005,3522.6150000000002,0.02,0.02
19.04.2021 08:31:56.593 GMT+0100,3528.1800000000003,3523,0.02,0.02
19.04.2021 08:32:00.643 GMT+0100,3527.1800000000003,3520.7790000000005,0.02,0.02
19.04.2021 08:32:00.712 GMT+0100,3527.426,3521.656,0.02,0.0075
19.04.2021 08:32:00.813 GMT+0100,3527.467,3520.5740000000005,0.02,0.02
19.04.2021 08:32:01.644 GMT+0100,3527.1800000000003,3521.697,0.02,0.0075
19.04.2021 08:32:01.998 GMT+0100,3527.303,3520.7790000000005,0.02,0.02
19.04.2021 08:32:03.755 GMT+0100,3527,3521.492,0.02,0.0075
19.04.2021 08:32:26.747 GMT+0100,3527.221,3523.6150000000002,0.02,0.02
19.04.2021 08:32:27.271 GMT+0100,3527,3522.533,0.02,0.02
19.04.2021 08:32:27.659 GMT+0100,3527.508,3524.5740000000005,0.02,0.02
19.04.2021 08:32:29.854 GMT+0100,3529.262,3524.6150000000002,0.02,0.02
19.04.2021 08:33:05.142 GMT+0100,3527.303,3524.738,0.0075,0.0075
19.04.2021 08:33:05.193 GMT+0100,3527.467,3522.82,0.02,0.02
19.04.2021 08:33:05.342 GMT+0100,3527.221,3521.7790000000005,0.0075,0.02
19.04.2021 08:33:06.892 GMT+0100,3528.1800000000003,3523.82,0.02,0.0075
19.04.2021 08:33:11.174 GMT+0100,3529.221,3523.656,0.02,0.02
19.04.2021 08:33:17.469 GMT+0100,3528.385,3524,0.0075,0.02
19.04.2021 08:33:33.022 GMT+0100,3529.262,3523.5740000000005,0.02,0.02
19.04.2021 08:33:33.236 GMT+0100,3528.467,3523.697,0.0075,0.02
19.04.2021 08:34:03.633 GMT+0100,3529.5490000000004,3523.738,0.02,0.02
19.04.2021 08:34:15.767 GMT+0100,3529.3440000000005,3524.738,0.02,0.02
19.04.2021 08:34:15.932 GMT+0100,3529.467,3523.6150000000002,0.02,0.02
19.04.2021 08:34:20.163 GMT+0100,3529.385,3524.533,0.0075,0.0075
19.04.2021 08:34:21.759 GMT+0100,3532.3440000000005,3525.82,0.02,0.02
19.04.2021 08:34:22.069 GMT+0100,3532.303,3526.82,0.02,0.02
19.04.2021 08:34:37.992 GMT+0100,3533,3526.533,0.02,0.02
19.04.2021 08:34:38.042 GMT+0100,3532.221,3526.697,0.02,0.02
19.04.2021 08:34:38.192 GMT+0100,3532.385,3528.7790000000005,0.02,0.02
19.04.2021 08:35:05.551 GMT+0100,3534,3528.7790000000005,0.02,0.02
19.04.2021 08:35:05.938 GMT+0100,3534.5490000000004,3529.82,0.02,0.0075
19.04.2021 08:35:08.060 GMT+0100,3533.385,3529.82,0.02,0.02
19.04.2021 08:35:08.540 GMT+0100,3531.467,3528.82,0.0075,0.02
19.04.2021 08:35:08.591 GMT+0100,3533.3440000000005,3528.738,0.02,0.02
19.04.2021 08:35:36.910 GMT+0100,3532.5490000000004,3528.656,0.02,0.02
19.04.2021 08:35:37.036 GMT+0100,3533.1800000000003,3528.6150000000002,0.02,0.02
19.04.2021 08:36:11.745 GMT+0100,3531,3526.82,0.02,0.02
19.04.2021 08:36:16.073 GMT+0100,3531.3440000000005,3527.451,0.02,0.0075
19.04.2021 08:36:18.723 GMT+0100,3532.1800000000003,3527.7790000000005,0.02,0.02
19.04.2021 08:36:20.133 GMT+0100,3531.3440000000005,3527.656,0.02,0.02
19.04.2021 08:36:20.312 GMT+0100,3531.467,3526.697,0.02,0.02
19.04.2021 08:36:20.827 GMT+0100,3530.385,3526.697,0.0075,0.02
19.04.2021 08:36:20.877 GMT+0100,3531.303,3526.492,0.02,0.02
19.04.2021 08:36:41.201 GMT+0100,3529.385,3523.451,0.02,0.02
19.04.2021 08:36:41.264 GMT+0100,3530.426,3523.738,0.02,0.02
19.04.2021 08:36:47.343 GMT+0100,3528.221,3523.451,0.0075,0.02
19.04.2021 08:36:47.443 GMT+0100,3529.385,3523.5740000000005,0.02,0.02
19.04.2021 08:36:52.050 GMT+0100,3530,3523.738,0.02,0.02
19.04.2021 08:36:57.032 GMT+0100,3530.508,3524.656,0.0075,0.0075
19.04.2021 08:36:57.083 GMT+0100,3531.221,3524.5740000000005,0.02,0.02
19.04.2021 08:36:57.382 GMT+0100,3531.467,3524,0.02,0.02
19.04.2021 08:36:57.718 GMT+0100,3531.221,3525.5740000000005,0.02,0.0075
19.04.2021 08:36:58.033 GMT+0100,3530.385,3525.82,0.0075,0.02
19.04.2021 08:37:07.332 GMT+0100,3531.508,3525.738,0.02,0.02
19.04.2021 08:37:38.833 GMT+0100,3530.508,3525.738,0.0075,0.02
19.04.2021 08:38:21.817 GMT+0100,3531.426,3525.533,0.02,0.02
19.04.2021 08:38:32.035 GMT+0100,3530.303,3526,0.0075,0.02
19.04.2021 08:38:49.262 GMT+0100,3529.5490000000004,3523.5740000000005,0.02,0.02
19.04.2021 08:38:59.826 GMT+0100,3528.3440000000005,3523.5740000000005,0.02,0.02
19.04.2021 08:39:20.942 GMT+0100,3527.508,3523.492,0.0075,0.02
19.04.2021 08:39:48.050 GMT+0100,3526.221,3523.656,0.02,0.02
19.04.2021 08:40:06.404 GMT+0100,3526,3520.6150000000002,0.02,0.02
19.04.2021 08:40:07.523 GMT+0100,3525.467,3520.7790000000005,0.02,0.02
19.04.2021 08:40:20.083 GMT+0100,3525.508,3519.6150000000002,0.02,0.02
19.04.2021 08:41:13.292 GMT+0100,3525.1800000000003,3520.738,0.02,0.0075
19.04.2021 08:41:21.234 GMT+0100,3525.262,3521.5740000000005,0.02,0.02
19.04.2021 08:41:21.399 GMT+0100,3525.467,3520.697,0.02,0.02
19.04.2021 08:41:45.702 GMT+0100,3524.467,3520.697,0.0075,0.02
19.04.2021 08:42:04.638 GMT+0100,3525.467,3521.6150000000002,0.02,0.02
19.04.2021 08:42:04.795 GMT+0100,3525.303,3520.656,0.02,0.02
19.04.2021 08:42:06.039 GMT+0100,3525.426,3521.82,0.02,0.0075
19.04.2021 08:42:08.722 GMT+0100,3523.5490000000004,3518.533,0.02,0.02
19.04.2021 08:42:19.490 GMT+0100,3524.262,3519,0.02,0.02
19.04.2021 08:42:19.591 GMT+0100,3525.467,3518.533,0.02,0.02
19.04.2021 08:42:19.680 GMT+0100,3525.303,3519.451,0.02,0.0075
19.04.2021 08:42:25.800 GMT+0100,3525.385,3520.7790000000005,0.02,0.0075
19.04.2021 08:42:29.125 GMT+0100,3525.5490000000004,3522.5740000000005,0.0075,0.0075
19.04.2021 08:42:29.176 GMT+0100,3527.5490000000004,3521.738,0.02,0.02
19.04.2021 08:42:39.174 GMT+0100,3529.426,3522.6150000000002,0.02,0.02
19.04.2021 08:42:39.800 GMT+0100,3529.426,3524.5740000000005,0.02,0.0075
19.04.2021 08:42:43.256 GMT+0100,3528.221,3525,0.02,0.02
19.04.2021 08:43:14.431 GMT+0100,3528.262,3525.492,0.0075,0.0075
19.04.2021 08:43:14.482 GMT+0100,3532.262,3526.7790000000005,0.02,0.02
19.04.2021 08:43:15.674 GMT+0100,3533.1800000000003,3527,0.02,0.02
19.04.2021 08:43:19.207 GMT+0100,3533.262,3527.7790000000005,0.02,0.0075
19.04.2021 08:43:43.408 GMT+0100,3534.1800000000003,3528.492,0.02,0.02
19.04.2021 08:43:44.667 GMT+0100,3534.1800000000003,3529.6150000000002,0.02,0.02
19.04.2021 08:43:44.742 GMT+0100,3535.426,3529.5740000000005,0.02,0.02
19.04.2021 08:43:51.418 GMT+0100,3534.3440000000005,3529.656,0.0075,0.02
19.04.2021 08:44:03.917 GMT+0100,3535.1800000000003,3529.6150000000002,0.02,0.02
19.04.2021 08:44:30.742 GMT+0100,3534.385,3529.6150000000002,0.0075,0.02
19.04.2021 08:45:17.035 GMT+0100,3533.467,3529.6150000000002,0.02,0.02
19.04.2021 08:45:17.143 GMT+0100,3534,3530,0.02,0.02
19.04.2021 08:46:00.702 GMT+0100,3534.5490000000004,3530.533,0.0075,0.0075
19.04.2021 08:46:00.752 GMT+0100,3535.385,3531,0.02,0.02
19.04.2021 08:46:00.862 GMT+0100,3535.262,3529.492,0.02,0.02
19.04.2021 08:46:02.152 GMT+0100,3535.467,3531.533,0.02,0.0075
19.04.2021 08:46:02.271 GMT+0100,3535.426,3530.656,0.02,0.02
19.04.2021 08:46:03.820 GMT+0100,3535.467,3532.82,0.02,0.0075
19.04.2021 08:46:26.266 GMT+0100,3535.262,3530,0.02,0.02
19.04.2021 08:46:26.317 GMT+0100,3534.3440000000005,3529.492,0.02,0.02
19.04.2021 08:46:28.182 GMT+0100,3533.1800000000003,3527,0.02,0.02
19.04.2021 08:46:28.336 GMT+0100,3533.1800000000003,3527.451,0.02,0.0075
19.04.2021 08:46:31.364 GMT+0100,3534.467,3527.697,0.02,0.02
19.04.2021 08:46:42.404 GMT+0100,3533.221,3527.6150000000002,0.0075,0.02
19.04.2021 08:46:54.285 GMT+0100,3534.3440000000005,3527.5740000000005,0.02,0.02
19.04.2021 08:46:57.322 GMT+0100,3534.221,3529.533,0.02,0.0075
19.04.2021 08:47:16.061 GMT+0100,3534.467,3530.492,0.02,0.0075
19.04.2021 08:47:48.284 GMT+0100,3535.3440000000005,3530.5740000000005,0.02,0.02
19.04.2021 08:48:11.477 GMT+0100,3534.3440000000005,3530.451,0.02,0.02
19.04.2021 08:48:11.527 GMT+0100,3535.3440000000005,3530.656,0.02,0.02
19.04.2021 08:48:12.004 GMT+0100,3534.426,3530.7790000000005,0.02,0.02
19.04.2021 08:48:12.054 GMT+0100,3535.385,3530.533,0.02,0.02
19.04.2021 08:48:14.305 GMT+0100,3534.508,3531,0.0075,0.02
19.04.2021 08:48:15.476 GMT+0100,3535.467,3530.7790000000005,0.02,0.02
19.04.2021 08:48:16.051 GMT+0100,3534.262,3530.492,0.0075,0.02
19.04.2021 08:48:17.646 GMT+0100,3535.303,3530.7790000000005,0.02,0.02
19.04.2021 08:48:18.665 GMT+0100,3534.385,3530.7790000000005,0.0075,0.02
19.04.2021 08:48:19.637 GMT+0100,3535.221,3530.656,0.02,0.02
19.04.2021 08:48:20.890 GMT+0100,3534.262,3530.533,0.0075,0.02
19.04.2021 08:48:31.871 GMT+0100,3535,3530.6150000000002,0.02,0.02
19.04.2021 08:48:33.458 GMT+0100,3534.467,3530.7790000000005,0.0075,0.02
19.04.2021 08:48:39.755 GMT+0100,3533.221,3530,0.02,0.02
19.04.2021 08:48:39.862 GMT+0100,3531.5490000000004,3529.6150000000002,0.02,0.02
19.04.2021 08:48:40.112 GMT+0100,3531.221,3525.6150000000002,0.02,0.02
19.04.2021 08:48:40.898 GMT+0100,3530.303,3525.697,0.0075,0.02
19.04.2021 08:49:01.236 GMT+0100,3530.221,3526.7790000000005,0.02,0.0075
19.04.2021 08:49:15.263 GMT+0100,3530.1800000000003,3525.492,0.02,0.02
19.04.2021 08:49:40.583 GMT+0100,3529.467,3525.738,0.0075,0.02
19.04.2021 08:49:47.462 GMT+0100,3529.467,3524.6150000000002,0.02,0.02
19.04.2021 08:49:55.212 GMT+0100,3529.385,3527,0.02,0.02
19.04.2021 08:51:26.052 GMT+0100,3530,3526.5740000000005,0.02,0.02
19.04.2021 08:51:26.112 GMT+0100,3530.303,3528.451,0.02,0.0075
19.04.2021 08:51:26.162 GMT+0100,3530.262,3526.451,0.02,0.02
19.04.2021 08:52:32.697 GMT+0100,3530.221,3527.656,0.02,0.0075
19.04.2021 08:52:52.976 GMT+0100,3530.221,3526.5740000000005,0.02,0.02
19.04.2021 08:53:01.098 GMT+0100,3530.508,3529.5,0.0075,0.0075
19.04.2021 08:53:01.148 GMT+0100,3531.5490000000004,3526.656,0.02,0.02
19.04.2021 08:53:04.479 GMT+0100,3530.221,3526.7790000000005,0.0075,0.02
19.04.2021 08:53:19.302 GMT+0100,3530.262,3527.492,0.02,0.0075
19.04.2021 08:54:12.220 GMT+0100,3531.5490000000004,3527.656,0.02,0.02
19.04.2021 08:54:12.406 GMT+0100,3532.3440000000005,3527.738,0.02,0.02
19.04.2021 08:54:12.456 GMT+0100,3535.385,3532.6150000000002,0.02,0.02
19.04.2021 08:54:13.404 GMT+0100,3535.3440000000005,3533.738,0.0075,0.0075
19.04.2021 08:54:13.454 GMT+0100,3537.5490000000004,3533.656,0.02,0.02
19.04.2021 08:54:13.505 GMT+0100,3537.262,3534.492,0.02,0.02
19.04.2021 08:54:14.715 GMT+0100,3539.385,3535,0.02,0.02
19.04.2021 08:54:17.471 GMT+0100,3539.508,3535.533,0.0075,0.0075
19.04.2021 08:54:17.521 GMT+0100,3540,3535.451,0.02,0.02
19.04.2021 08:54:19.485 GMT+0100,3539.385,3535.82,0.0075,0.02
19.04.2021 08:54:20.208 GMT+0100,3540.426,3535.6150000000002,0.02,0.02
19.04.2021 08:54:24.893 GMT+0100,3541.303,3537,0.02,0.02
19.04.2021 08:54:24.994 GMT+0100,3540.1800000000003,3536.451,0.02,0.02
19.04.2021 08:54:28.464 GMT+0100,3541.467,3536.738,0.02,0.02
19.04.2021 08:54:34.719 GMT+0100,3541.262,3537.492,0.02,0.0075
19.04.2021 08:54:34.770 GMT+0100,3542.426,3537.6150000000002,0.02,0.02
19.04.2021 08:54:40.862 GMT+0100,3542.5490000000004,3538.7790000000005,0.02,0.02
19.04.2021 08:54:41.063 GMT+0100,3543.221,3538.6150000000002,0.02,0.02
19.04.2021 08:54:42.892 GMT+0100,3544.221,3538.82,0.02,0.02
19.04.2021 08:54:46.004 GMT+0100,3544.262,3539.697,0.02,0.0075
19.04.2021 08:54:50.237 GMT+0100,3542.508,3539.533,0.0075,0.0075
19.04.2021 08:54:50.287 GMT+0100,3541,3537.738,0.02,0.02
19.04.2021 08:54:50.338 GMT+0100,3542.303,3537.7790000000005,0.02,0.02
19.04.2021 08:54:52.373 GMT+0100,3543.5490000000004,3537.697,0.02,0.02
19.04.2021 08:54:56.003 GMT+0100,3543,3538.5740000000005,0.02,0.0075
19.04.2021 08:55:10.372 GMT+0100,3544.467,3538.656,0.02,0.02
19.04.2021 08:55:11.343 GMT+0100,3544.426,3539.7790000000005,0.02,0.0075
19.04.2021 08:55:11.562 GMT+0100,3544.303,3538.7790000000005,0.02,0.02
19.04.2021 08:55:14.917 GMT+0100,3544.221,3541.7790000000005,0.02,0.0075
19.04.2021 08:56:17.302 GMT+0100,3543.1800000000003,3539.492,0.02,0.02
19.04.2021 08:56:18.416 GMT+0100,3542.262,3538.738,0.0075,0.02
19.04.2021 08:56:18.517 GMT+0100,3543.467,3538.492,0.02,0.02
19.04.2021 08:56:19.543 GMT+0100,3544.508,3538.492,0.02,0.02
19.04.2021 08:56:22.076 GMT+0100,3544.385,3539.492,0.02,0.02
19.04.2021 08:56:29.665 GMT+0100,3544.467,3538.7790000000005,0.02,0.02
19.04.2021 08:56:35.082 GMT+0100,3544.221,3539.82,0.02,0.0075
19.04.2021 08:56:58.429 GMT+0100,3544,3538.5740000000005,0.02,0.02
19.04.2021 08:57:07.034 GMT+0100,3544.426,3539.6150000000002,0.02,0.0075
19.04.2021 08:57:09.956 GMT+0100,3544.3440000000005,3540.451,0.02,0.0075
19.04.2021 08:57:27.692 GMT+0100,3543,3538.82,0.02,0.02
19.04.2021 08:57:32.791 GMT+0100,3541.5490000000004,3538.697,0.0075,0.0075
19.04.2021 08:57:32.841 GMT+0100,3542.303,3537.6150000000002,0.02,0.02
19.04.2021 08:57:39.800 GMT+0100,3543.3440000000005,3538.7790000000005,0.02,0.02
19.04.2021 08:57:39.949 GMT+0100,3543.5490000000004,3537.5740000000005,0.02,0.02
19.04.2021 08:57:40.765 GMT+0100,3543.5490000000004,3538.656,0.02,0.0075
19.04.2021 08:57:42.660 GMT+0100,3542.1800000000003,3538.492,0.0075,0.02
19.04.2021 08:57:43.911 GMT+0100,3544.508,3538.5740000000005,0.02,0.02
19.04.2021 08:57:49.040 GMT+0100,3544.262,3539.6150000000002,0.02,0.0075
19.04.2021 08:57:49.443 GMT+0100,3544.303,3541.82,0.02,0.0075
19.04.2021 08:57:49.493 GMT+0100,3547.508,3542,0.02,0.02
19.04.2021 08:57:49.692 GMT+0100,3546,3540.738,0.02,0.02
19.04.2021 08:57:49.790 GMT+0100,3547.426,3540.656,0.02,0.02
19.04.2021 08:57:49.840 GMT+0100,3545.426,3540.6150000000002,0.02,0.02
19.04.2021 08:57:55.029 GMT+0100,3545.1800000000003,3543,0.02,0.0075
19.04.2021 08:57:55.130 GMT+0100,3547.3440000000005,3542.697,0.02,0.02
19.04.2021 08:57:55.506 GMT+0100,3547.1800000000003,3543.5740000000005,0.02,0.0075
19.04.2021 08:57:55.557 GMT+0100,3548.262,3543.451,0.02,0.02
19.04.2021 08:57:55.625 GMT+0100,3547.385,3543.533,0.0075,0.0075
19.04.2021 08:57:55.675 GMT+0100,3547.385,3542.492,0.02,0.02
19.04.2021 08:57:57.949 GMT+0100,3548.221,3542.738,0.02,0.02
19.04.2021 08:58:03.389 GMT+0100,3547.1800000000003,3542.82,0.0075,0.02
19.04.2021 08:58:06.308 GMT+0100,3547.5490000000004,3543.7790000000005,0.02,0.02
19.04.2021 08:58:06.358 GMT+0100,3548,3543.451,0.02,0.02
19.04.2021 08:58:10.106 GMT+0100,3547.467,3543.6150000000002,0.0075,0.02
19.04.2021 08:58:21.778 GMT+0100,3548.426,3543.7790000000005,0.02,0.02
19.04.2021 08:58:24.111 GMT+0100,3545.5490000000004,3543.7790000000005,0.0075,0.0075
19.04.2021 08:58:24.161 GMT+0100,3546.221,3540.82,0.02,0.02
19.04.2021 08:58:27.612 GMT+0100,3546.1800000000003,3541.7790000000005,0.02,0.0075
19.04.2021 08:59:00.633 GMT+0100,3544.303,3541.738,0.0075,0.02
19.04.2021 08:59:39.002 GMT+0100,3543.1800000000003,3538.697,0.02,0.02
19.04.2021 08:59:51.779 GMT+0100,3541.303,3538.6150000000002,0.0075,0.02
19.04.2021 08:59:51.879 GMT+0100,3543.5490000000004,3538.6150000000002,0.02,0.02
19.04.2021 08:59:52.216 GMT+0100,3542.5490000000004,3538.656,0.0075,0.0075
19.04.2021 08:59:52.266 GMT+0100,3542.508,3536.492,0.02,0.02
19.04.2021 09:00:03.063 GMT+0100,3542.426,3537.697,0.02,0.02
19.04.2021 09:00:03.428 GMT+0100,3543.5490000000004,3537.7790000000005,0.02,0.02
19.04.2021 09:00:09.327 GMT+0100,3541,3537.492,0.0075,0.0075
19.04.2021 09:00:09.377 GMT+0100,3541,3536.697,0.02,0.02
19.04.2021 09:00:09.464 GMT+0100,3541.262,3537.738,0.0075,0.0075
19.04.2021 09:00:09.514 GMT+0100,3542.303,3537.7790000000005,0.02,0.02
19.04.2021 09:00:15.773 GMT+0100,3542.3440000000005,3540,0.0075,0.0075
19.04.2021 09:00:15.824 GMT+0100,3544.5490000000004,3539.7790000000005,0.02,0.02
19.04.2021 09:00:19.076 GMT+0100,3544,3540.656,0.0075,0.0075
19.04.2021 09:00:19.127 GMT+0100,3545.221,3540.697,0.02,0.02
19.04.2021 09:00:19.196 GMT+0100,3545.303,3539.697,0.02,0.02
19.04.2021 09:00:20.617 GMT+0100,3545.5490000000004,3540.492,0.0075,0.0075
19.04.2021 09:00:20.667 GMT+0100,3546.508,3540.697,0.02,0.02
19.04.2021 09:00:30.117 GMT+0100,3546.1800000000003,3541.5740000000005,0.02,0.0075
19.04.2021 09:00:44.121 GMT+0100,3547,3541.82,0.02,0.02
19.04.2021 09:00:45.108 GMT+0100,3547.1800000000003,3542.533,0.02,0.0075
19.04.2021 09:00:45.294 GMT+0100,3547.467,3541.697,0.02,0.02
19.04.2021 09:00:53.082 GMT+0100,3548.1800000000003,3543,0.02,0.02
19.04.2021 09:00:55.285 GMT+0100,3548.508,3543.6150000000002,0.02,0.0075
19.04.2021 09:00:59.707 GMT+0100,3549.426,3543.7790000000005,0.02,0.02
19.04.2021 09:01:22.316 GMT+0100,3547.262,3543.492,0.02,0.02
19.04.2021 09:01:22.503 GMT+0100,3548.262,3543.6150000000002,0.02,0.02
19.04.2021 09:02:05.541 GMT+0100,3547.508,3543.6150000000002,0.0075,0.02
19.04.2021 09:02:22.080 GMT+0100,3549.262,3543.6150000000002,0.02,0.02
19.04.2021 09:02:25.284 GMT+0100,3548.385,3543.82,0.02,0.02
19.04.2021 09:02:26.104 GMT+0100,3548.3440000000005,3544.6150000000002,0.02,0.02
19.04.2021 09:02:26.274 GMT+0100,3548.426,3543.7790000000005,0.02,0.02
19.04.2021 09:02:31.669 GMT+0100,3548.5490000000004,3544.7790000000005,0.02,0.0075
19.04.2021 09:03:08.070 GMT+0100,3549,3544.82,0.02,0.02
19.04.2021 09:03:08.179 GMT+0100,3550,3545,0.02,0.02
19.04.2021 09:03:29.685 GMT+0100,3548.467,3544.5740000000005,0.02,0.02
19.04.2021 09:03:29.860 GMT+0100,3549.303,3544.533,0.02,0.02
19.04.2021 09:03:30.223 GMT+0100,3549.385,3545.533,0.02,0.0075
19.04.2021 09:03:31.018 GMT+0100,3550.3440000000005,3545.656,0.02,0.02
19.04.2021 09:03:33.404 GMT+0100,3548.303,3545.492,0.0075,0.02
19.04.2021 09:03:33.505 GMT+0100,3549.1800000000003,3545.738,0.02,0.02
19.04.2021 09:03:35.887 GMT+0100,3550.262,3545.6150000000002,0.02,0.02
19.04.2021 09:03:53.047 GMT+0100,3549,3545.533,0.02,0.02
19.04.2021 09:04:08.200 GMT+0100,3548.5490000000004,3545.5740000000005,0.0075,0.0075
19.04.2021 09:04:08.251 GMT+0100,3549.426,3545,0.02,0.02
19.04.2021 09:04:08.543 GMT+0100,3548.303,3544.738,0.02,0.02
19.04.2021 09:04:34.200 GMT+0100,3547.385,3544.492,0.0075,0.0075
19.04.2021 09:04:34.251 GMT+0100,3547.1800000000003,3541.82,0.02,0.02
19.04.2021 09:04:34.301 GMT+0100,3547.1800000000003,3542.697,0.02,0.02
19.04.2021 09:04:34.499 GMT+0100,3548.467,3542.656,0.02,0.02
19.04.2021 09:04:36.719 GMT+0100,3548.385,3544.738,0.02,0.0075
19.04.2021 09:04:47.101 GMT+0100,3547.262,3541.451,0.02,0.02
19.04.2021 09:04:49.493 GMT+0100,3546,3541.7790000000005,0.02,0.02
19.04.2021 09:04:49.604 GMT+0100,3547.385,3541.5740000000005,0.02,0.02
19.04.2021 09:04:50.200 GMT+0100,3545.385,3541.656,0.0075,0.0075
19.04.2021 09:04:50.251 GMT+0100,3545.221,3539.738,0.02,0.02
19.04.2021 09:04:51.626 GMT+0100,3545.385,3540.492,0.0075,0.0075
19.04.2021 09:04:51.676 GMT+0100,3546.385,3540.656,0.02,0.02
19.04.2021 09:04:52.227 GMT+0100,3545.467,3539.7790000000005,0.02,0.02
19.04.2021 09:04:57.046 GMT+0100,3545,3541,0.0075,0.0075
19.04.2021 09:04:57.096 GMT+0100,3546.508,3541,0.02,0.02
19.04.2021 09:04:57.216 GMT+0100,3545.426,3540.533,0.0075,0.02
19.04.2021 09:04:59.464 GMT+0100,3544.426,3540.738,0.0075,0.0075
19.04.2021 09:05:00.027 GMT+0100,3542.508,3538.533,0.02,0.02
19.04.2021 09:05:00.104 GMT+0100,3544.385,3538.533,0.02,0.02
19.04.2021 09:05:00.155 GMT+0100,3544.5490000000004,3539.697,0.02,0.02
19.04.2021 09:05:00.655 GMT+0100,3545,3539.697,0.02,0.02
19.04.2021 09:05:04.293 GMT+0100,3544.1800000000003,3539.5740000000005,0.0075,0.0075
19.04.2021 09:05:04.343 GMT+0100,3544.5490000000004,3538.656,0.02,0.02
19.04.2021 09:05:04.731 GMT+0100,3545.1800000000003,3539.656,0.02,0.02
19.04.2021 09:05:19.081 GMT+0100,3545.385,3540.7790000000005,0.02,0.0075
19.04.2021 09:05:48.772 GMT+0100,3545.467,3542.82,0.0075,0.0075
19.04.2021 09:05:48.823 GMT+0100,3548.3440000000005,3543.451,0.02,0.02
19.04.2021 09:05:48.923 GMT+0100,3548.221,3541.7790000000005,0.02,0.02
19.04.2021 09:05:48.974 GMT+0100,3548.467,3542.451,0.02,0.02
19.04.2021 09:05:50.228 GMT+0100,3548.467,3545.6150000000002,0.02,0.0075
19.04.2021 09:06:03.470 GMT+0100,3548.3440000000005,3542.697,0.02,0.02
19.04.2021 09:06:09.146 GMT+0100,3547.221,3542.492,0.0075,0.02
19.04.2021 09:06:09.246 GMT+0100,3546.467,3540.7790000000005,0.02,0.02
19.04.2021 09:06:27.042 GMT+0100,3546.508,3541.656,0.0075,0.0075
19.04.2021 09:06:27.092 GMT+0100,3546.467,3540.5740000000005,0.02,0.02
19.04.2021 09:06:27.192 GMT+0100,3545.221,3543,0.02,0.02
19.04.2021 09:06:29.173 GMT+0100,3546.426,3542.7790000000005,0.02,0.02
19.04.2021 09:06:29.223 GMT+0100,3544.1800000000003,3540.6150000000002,0.02,0.02
19.04.2021 09:06:51.050 GMT+0100,3544.262,3541.451,0.02,0.0075
19.04.2021 09:07:00.297 GMT+0100,3544.5490000000004,3538.492,0.02,0.02
19.04.2021 09:07:00.349 GMT+0100,3543.3440000000005,3539,0.0075,0.02
19.04.2021 09:07:09.150 GMT+0100,3543.262,3541,0.02,0.0075
19.04.2021 09:07:09.251 GMT+0100,3543.467,3539.6150000000002,0.02,0.02
19.04.2021 09:07:27.175 GMT+0100,3543.1800000000003,3538.82,0.02,0.02
19.04.2021 09:07:27.226 GMT+0100,3548.426,3542.656,0.02,0.02
19.04.2021 09:07:27.278 GMT+0100,3547.1800000000003,3542.533,0.02,0.02
19.04.2021 09:07:27.404 GMT+0100,3546,3542.5740000000005,0.0075,0.0075
19.04.2021 09:07:27.455 GMT+0100,3546.303,3541.82,0.02,0.02
19.04.2021 09:07:27.555 GMT+0100,3547,3541.82,0.02,0.02
19.04.2021 09:07:27.625 GMT+0100,3547.467,3543.492,0.02,0.0075
19.04.2021 09:07:27.725 GMT+0100,3547.508,3542.82,0.02,0.02
19.04.2021 09:07:27.988 GMT+0100,3547.3440000000005,3544,0.02,0.0075
19.04.2021 09:07:29.070 GMT+0100,3548.5490000000004,3543.656,0.02,0.02
19.04.2021 09:07:32.087 GMT+0100,3547.1800000000003,3543.492,0.02,0.02
19.04.2021 09:07:32.192 GMT+0100,3548.508,3543.697,0.02,0.02
19.04.2021 09:07:37.029 GMT+0100,3548.426,3545,0.02,0.0075
19.04.2021 09:08:00.831 GMT+0100,3548.385,3545.656,0.02,0.0075
19.04.2021 09:08:01.007 GMT+0100,3548.262,3544.697,0.02,0.02
19.04.2021 09:08:21.032 GMT+0100,3548.221,3546.533,0.0075,0.0075
19.04.2021 09:08:21.082 GMT+0100,3550.262,3546.82,0.02,0.02
19.04.2021 09:08:21.183 GMT+0100,3550.1800000000003,3545.82,0.02,0.02
19.04.2021 09:08:21.234 GMT+0100,3549.426,3545.533,0.02,0.02
19.04.2021 09:08:22.480 GMT+0100,3549.262,3546.5740000000005,0.02,0.0075
19.04.2021 09:09:29.203 GMT+0100,3548.467,3545,0.02,0.02
19.04.2021 09:10:02.032 GMT+0100,3548.508,3545.7790000000005,0.02,0.02
19.04.2021 09:10:02.082 GMT+0100,3548.3440000000005,3544.82,0.02,0.02
19.04.2021 09:11:05.131 GMT+0100,3547.508,3544.7790000000005,0.02,0.02
19.04.2021 09:11:34.634 GMT+0100,3547.262,3545.5740000000005,0.0075,0.0075
19.04.2021 09:11:34.684 GMT+0100,3549.303,3545.738,0.02,0.02
19.04.2021 09:11:34.786 GMT+0100,3549.467,3544.5740000000005,0.02,0.02
19.04.2021 09:11:36.721 GMT+0100,3548.508,3545,0.0075,0.02
19.04.2021 09:11:36.822 GMT+0100,3548.221,3545.82,0.02,0.02
19.04.2021 09:11:51.773 GMT+0100,3548.1800000000003,3544.656,0.02,0.02
19.04.2021 09:12:08.057 GMT+0100,3548.303,3545.5740000000005,0.02,0.0075
19.04.2021 09:12:32.463 GMT+0100,3549.508,3545.82,0.02,0.02
19.04.2021 09:13:01.029 GMT+0100,3549.508,3546.492,0.02,0.0075
19.04.2021 09:14:04.213 GMT+0100,3548.508,3544.533,0.02,0.02
19.04.2021 09:14:04.324 GMT+0100,3549.1800000000003,3544.451,0.02,0.02
19.04.2021 09:14:04.375 GMT+0100,3548.385,3544.492,0.02,0.02
19.04.2021 09:14:06.433 GMT+0100,3550.5490000000004,3547,0.02,0.02
19.04.2021 09:14:06.583 GMT+0100,3550.467,3545.656,0.02,0.02
19.04.2021 09:14:06.634 GMT+0100,3549.5490000000004,3544.656,0.02,0.02
19.04.2021 09:14:07.003 GMT+0100,3548.5490000000004,3544.82,0.0075,0.02
19.04.2021 09:14:07.188 GMT+0100,3549.221,3544.533,0.02,0.02
19.04.2021 09:14:07.318 GMT+0100,3549.3440000000005,3545.738,0.02,0.02
19.04.2021 09:14:17.683 GMT+0100,3549.1800000000003,3546.656,0.02,0.0075
19.04.2021 09:14:17.812 GMT+0100,3549.467,3545.82,0.02,0.02
19.04.2021 09:14:40.163 GMT+0100,3548.385,3545.533,0.02,0.02
19.04.2021 09:14:40.233 GMT+0100,3549.3440000000005,3545.5740000000005,0.02,0.02
19.04.2021 09:15:05.502 GMT+0100,3548.3440000000005,3545.5740000000005,0.02,0.02
19.04.2021 09:15:05.646 GMT+0100,3549.262,3545.82,0.02,0.02
19.04.2021 09:15:05.696 GMT+0100,3548.385,3545.6150000000002,0.02,0.02
19.04.2021 09:15:05.944 GMT+0100,3547.303,3544.656,0.02,0.02
19.04.2021 09:15:46.042 GMT+0100,3546.426,3541.533,0.02,0.02
19.04.2021 09:15:57.352 GMT+0100,3546.221,3542.697,0.02,0.02
19.04.2021 09:16:05.950 GMT+0100,3547.221,3542.5740000000005,0.02,0.02
19.04.2021 09:16:19.318 GMT+0100,3547.385,3543.5740000000005,0.02,0.02
19.04.2021 09:16:19.412 GMT+0100,3547.508,3542.697,0.02,0.02
19.04.2021 09:16:27.137 GMT+0100,3547.221,3543.82,0.02,0.02
19.04.2021 09:16:34.113 GMT+0100,3547.303,3544.697,0.0075,0.0075
19.04.2021 09:16:34.163 GMT+0100,3549.303,3544.5740000000005,0.02,0.02
19.04.2021 09:16:34.214 GMT+0100,3549.1800000000003,3546.656,0.02,0.02
19.04.2021 09:16:34.393 GMT+0100,3549.426,3545.5740000000005,0.02,0.02
19.04.2021 09:16:40.444 GMT+0100,3550.467,3546.82,0.02,0.02
19.04.2021 09:16:41.937 GMT+0100,3550.385,3547.451,0.02,0.0075
19.04.2021 09:16:59.097 GMT+0100,3550.385,3548.82,0.0075,0.0075
19.04.2021 09:16:59.148 GMT+0100,3553.508,3548.697,0.02,0.02
19.04.2021 09:16:59.214 GMT+0100,3553.221,3551,0.0075,0.0075
19.04.2021 09:16:59.264 GMT+0100,3555.1800000000003,3550.697,0.02,0.02
19.04.2021 09:16:59.425 GMT+0100,3555.221,3551.82,0.02,0.02
19.04.2021 09:16:59.698 GMT+0100,3554.5490000000004,3551.738,0.0075,0.02
19.04.2021 09:17:14.132 GMT+0100,3553.385,3547.492,0.02,0.02
19.04.2021 09:17:14.233 GMT+0100,3551.467,3547.738,0.02,0.02
19.04.2021 09:17:14.340 GMT+0100,3552,3547.6150000000002,0.02,0.02
19.04.2021 09:17:14.594 GMT+0100,3553.221,3547.738,0.02,0.02
19.04.2021 09:17:14.644 GMT+0100,3551.262,3547.533,0.02,0.02
19.04.2021 09:17:14.694 GMT+0100,3552.385,3548,0.02,0.02
19.04.2021 09:17:15.412 GMT+0100,3551.303,3547.656,0.0075,0.02
19.04.2021 09:17:15.513 GMT+0100,3552.385,3547.6150000000002,0.02,0.02
19.04.2021 09:17:16.276 GMT+0100,3551.303,3547.533,0.0075,0.02
19.04.2021 09:17:41.284 GMT+0100,3550,3547.451,0.0075,0.02
19.04.2021 09:17:41.485 GMT+0100,3549.385,3547.82,0.02,0.02
19.04.2021 09:18:02.494 GMT+0100,3552.385,3547.451,0.02,0.02
19.04.2021 09:18:02.626 GMT+0100,3552.262,3548.656,0.0075,0.0075
19.04.2021 09:18:02.676 GMT+0100,3553.385,3549,0.02,0.02
19.04.2021 09:18:02.800 GMT+0100,3552.385,3548.5740000000005,0.0075,0.0075
19.04.2021 09:18:02.851 GMT+0100,3552.5490000000004,3547.6150000000002,0.02,0.02
19.04.2021 09:18:03.025 GMT+0100,3552.426,3549.82,0.02,0.0075
19.04.2021 09:18:03.126 GMT+0100,3552.3440000000005,3547.656,0.02,0.02
19.04.2021 09:18:17.093 GMT+0100,3551.221,3547.697,0.02,0.02
19.04.2021 09:18:58.792 GMT+0100,3552.385,3547.6150000000002,0.02,0.02
19.04.2021 09:19:17.890 GMT+0100,3552.508,3548.7790000000005,0.02,0.02
19.04.2021 09:19:17.941 GMT+0100,3553.467,3548.451,0.02,0.02
19.04.2021 09:19:17.991 GMT+0100,3553,3549.6150000000002,0.02,0.02
19.04.2021 09:19:18.115 GMT+0100,3553.426,3548.656,0.02,0.02
19.04.2021 09:19:56.601 GMT+0100,3552.221,3548.656,0.0075,0.0075
19.04.2021 09:19:56.651 GMT+0100,3552.467,3547.7790000000005,0.02,0.02
19.04.2021 09:20:14.872 GMT+0100,3551.3440000000005,3547.6150000000002,0.0075,0.02
19.04.2021 09:20:30.128 GMT+0100,3550.262,3547.6150000000002,0.0075,0.0075
19.04.2021 09:20:30.178 GMT+0100,3550.1800000000003,3546.697,0.02,0.02
19.04.2021 09:20:30.278 GMT+0100,3551.385,3546.6150000000002,0.02,0.02
19.04.2021 09:20:30.331 GMT+0100,3550,3546.738,0.0075,0.02
19.04.2021 09:20:30.480 GMT+0100,3549.385,3546.656,0.0075,0.02
19.04.2021 09:20:34.055 GMT+0100,3549.467,3547.6150000000002,0.02,0.0075
19.04.2021 09:21:14.180 GMT+0100,3552.5490000000004,3548,0.02,0.02
19.04.2021 09:21:14.493 GMT+0100,3551.467,3547.7790000000005,0.0075,0.02
19.04.2021 09:21:31.790 GMT+0100,3550.385,3546.533,0.02,0.02
19.04.2021 09:21:31.947 GMT+0100,3551.426,3546.7790000000005,0.02,0.02
19.04.2021 09:21:40.697 GMT+0100,3551.303,3547.6150000000002,0.02,0.02
19.04.2021 09:21:40.747 GMT+0100,3551.303,3546.492,0.02,0.02
19.04.2021 09:21:56.844 GMT+0100,3551.508,3547.533,0.02,0.0075
19.04.2021 09:22:09.112 GMT+0100,3551.262,3548.492,0.02,0.0075
19.04.2021 09:23:31.837 GMT+0100,3552.262,3548.6150000000002,0.02,0.02
19.04.2021 09:23:31.888 GMT+0100,3552.3440000000005,3550.533,0.02,0.02
19.04.2021 09:23:49.541 GMT+0100,3553.262,3550.6150000000002,0.02,0.02
19.04.2021 09:24:17.775 GMT+0100,3553.221,3551.7790000000005,0.02,0.02
19.04.2021 09:24:47.597 GMT+0100,3555.5490000000004,3551.7790000000005,0.02,0.02
19.04.2021 09:24:47.795 GMT+0100,3554.426,3551.7790000000005,0.0075,0.02
19.04.2021 09:24:50.185 GMT+0100,3555.262,3551.697,0.02,0.02
19.04.2021 09:24:50.235 GMT+0100,3555.3440000000005,3553.82,0.02,0.02
19.04.2021 09:24:54.434 GMT+0100,3555.221,3554.82,0.0075,0.0075
19.04.2021 09:24:54.484 GMT+0100,3556,3554.697,0.02,0.02
19.04.2021 09:24:54.544 GMT+0100,3556.426,3553.5740000000005,0.02,0.02
19.04.2021 09:24:55.404 GMT+0100,3556.221,3554.6150000000002,0.02,0.0075
19.04.2021 09:25:16.127 GMT+0100,3556.262,3555.533,0.0075,0.0075
19.04.2021 09:25:16.178 GMT+0100,3557.467,3554.6150000000002,0.02,0.02
19.04.2021 09:25:16.228 GMT+0100,3556.1800000000003,3554.656,0.02,0.02
19.04.2021 09:25:16.439 GMT+0100,3557.467,3554.7790000000005,0.02,0.02
19.04.2021 09:25:16.612 GMT+0100,3556,3554.82,0.02,0.02
19.04.2021 09:25:47.469 GMT+0100,3556.467,3551.7790000000005,0.02,0.02
19.04.2021 09:25:47.883 GMT+0100,3557.385,3551.492,0.02,0.02
19.04.2021 09:25:47.934 GMT+0100,3556,3551.533,0.02,0.02
19.04.2021 09:25:59.144 GMT+0100,3555.1800000000003,3551.492,0.02,0.02
19.04.2021 09:26:30.086 GMT+0100,3555,3553,0.02,0.02
19.04.2021 09:26:34.864 GMT+0100,3555.467,3551.697,0.02,0.02
19.04.2021 09:26:34.914 GMT+0100,3554,3551,0.02,0.02
19.04.2021 09:26:43.742 GMT+0100,3553.508,3548.697,0.02,0.02
19.04.2021 09:26:43.816 GMT+0100,3552.1800000000003,3548.5740000000005,0.02,0.02
19.04.2021 09:26:54.734 GMT+0100,3554.467,3549.7790000000005,0.02,0.02
19.04.2021 09:26:59.038 GMT+0100,3554.262,3550.656,0.02,0.0075
19.04.2021 09:27:28.534 GMT+0100,3553,3550.533,0.02,0.02
19.04.2021 09:27:28.646 GMT+0100,3554.426,3550.5740000000005,0.02,0.02
19.04.2021 09:27:50.739 GMT+0100,3554.385,3551.656,0.02,0.02
19.04.2021 09:27:50.833 GMT+0100,3554.5490000000004,3550.697,0.02,0.02
19.04.2021 09:27:52.008 GMT+0100,3554.303,3552,0.02,0.02
19.04.2021 09:27:56.157 GMT+0100,3554.508,3552.738,0.0075,0.0075
19.04.2021 09:27:56.207 GMT+0100,3555.262,3552.738,0.02,0.02
19.04.2021 09:28:16.742 GMT+0100,3555.262,3551.656,0.02,0.02
19.04.2021 09:28:22.068 GMT+0100,3555,3552.738,0.02,0.0075
19.04.2021 09:28:34.400 GMT+0100,3558.3440000000005,3553.82,0.02,0.02
19.04.2021 09:28:34.450 GMT+0100,3559.5490000000004,3555.451,0.02,0.02
19.04.2021 09:28:34.621 GMT+0100,3558.5490000000004,3555.7790000000005,0.02,0.02
19.04.2021 09:28:52.959 GMT+0100,3559.467,3555.5740000000005,0.02,0.02
19.04.2021 09:28:53.129 GMT+0100,3558.262,3555.82,0.02,0.02
19.04.2021 09:29:11.127 GMT+0100,3557.385,3555.697,0.0075,0.02
19.04.2021 09:29:41.634 GMT+0100,3556.5490000000004,3555.5,0.0075,0.0075
19.04.2021 09:29:41.685 GMT+0100,3556.385,3554,0.02,0.02
19.04.2021 09:29:51.357 GMT+0100,3555.467,3553.82,0.02,0.02
19.04.2021 09:29:55.034 GMT+0100,3557.426,3553.82,0.02,0.02
19.04.2021 09:29:56.849 GMT+0100,3557.303,3554.656,0.02,0.0075
19.04.2021 09:29:56.899 GMT+0100,3559.467,3554.82,0.02,0.02
19.04.2021 09:29:56.949 GMT+0100,3557.3440000000005,3555,0.02,0.02
19.04.2021 09:29:57.054 GMT+0100,3558.3440000000005,3554.492,0.02,0.02
19.04.2021 09:30:25.313 GMT+0100,3557,3554.7790000000005,0.0075,0.02
19.04.2021 09:30:36.927 GMT+0100,3559.3440000000005,3554.656,0.02,0.02
19.04.2021 09:30:36.978 GMT+0100,3557.221,3554.697,0.02,0.02
19.04.2021 09:31:09.096 GMT+0100,3559.221,3554.656,0.02,0.02
19.04.2021 09:31:15.504 GMT+0100,3558.1800000000003,3554.656,0.0075,0.02
19.04.2021 09:31:27.674 GMT+0100,3557.3440000000005,3555,0.0075,0.02
19.04.2021 09:31:27.866 GMT+0100,3558.1800000000003,3555,0.02,0.02
19.04.2021 09:32:14.107 GMT+0100,3559.385,3554.697,0.02,0.02
19.04.2021 09:32:14.241 GMT+0100,3558,3554.7790000000005,0.02,0.02
19.04.2021 09:32:16.363 GMT+0100,3559.3440000000005,3554.7790000000005,0.02,0.02
19.04.2021 09:32:17.087 GMT+0100,3558.426,3554.6150000000002,0.0075,0.02
19.04.2021 09:32:20.077 GMT+0100,3559.1800000000003,3556,0.02,0.02
19.04.2021 09:33:44.976 GMT+0100,3560.262,3555.656,0.02,0.02
19.04.2021 09:33:45.816 GMT+0100,3560.221,3556.738,0.0075,0.0075
19.04.2021 09:33:45.936 GMT+0100,3559.508,3556.697,0.0075,0.02
19.04.2021 09:33:46.825 GMT+0100,3559.5490000000004,3557.6150000000002,0.02,0.0075
19.04.2021 09:34:22.480 GMT+0100,3559.385,3556.7790000000005,0.02,0.02
19.04.2021 09:34:42.915 GMT+0100,3558.426,3556.697,0.0075,0.0075
19.04.2021 09:34:42.966 GMT+0100,3558.262,3554.7790000000005,0.02,0.02
19.04.2021 09:34:43.832 GMT+0100,3557,3554.738,0.02,0.02
19.04.2021 09:34:45.886 GMT+0100,3557.467,3552.697,0.02,0.02
19.04.2021 09:34:51.724 GMT+0100,3556.508,3552.656,0.0075,0.02
19.04.2021 09:34:51.774 GMT+0100,3556.3440000000005,3551.82,0.02,0.02
19.04.2021 09:34:51.825 GMT+0100,3557.303,3552.738,0.02,0.02
19.04.2021 09:34:58.515 GMT+0100,3556.5490000000004,3552.656,0.0075,0.02
19.04.2021 09:35:08.605 GMT+0100,3556.426,3551.451,0.02,0.02
19.04.2021 09:35:19.404 GMT+0100,3553.262,3551.5740000000005,0.0075,0.0075
19.04.2021 09:35:19.455 GMT+0100,3553.3440000000005,3548.492,0.02,0.02
19.04.2021 09:35:19.505 GMT+0100,3553.3440000000005,3549.697,0.02,0.02
19.04.2021 09:35:19.690 GMT+0100,3552.221,3549.5740000000005,0.0075,0.02
19.04.2021 09:35:19.989 GMT+0100,3552,3548.492,0.02,0.02
19.04.2021 09:35:47.303 GMT+0100,3554.5490000000004,3550.738,0.02,0.02
19.04.2021 09:35:47.354 GMT+0100,3554.1800000000003,3549.5740000000005,0.02,0.02
19.04.2021 09:36:16.742 GMT+0100,3554.262,3550.7790000000005,0.02,0.0075
19.04.2021 09:36:27.035 GMT+0100,3554.303,3551.533,0.02,0.0075
19.04.2021 09:36:42.560 GMT+0100,3556.5490000000004,3551.6150000000002,0.02,0.02
19.04.2021 09:36:44.890 GMT+0100,3556.262,3553,0.02,0.02
19.04.2021 09:36:53.949 GMT+0100,3556.426,3553.492,0.02,0.0075
19.04.2021 09:36:54.097 GMT+0100,3556.262,3552.5740000000005,0.02,0.02
19.04.2021 09:36:57.238 GMT+0100,3556.1800000000003,3553.451,0.02,0.02
19.04.2021 09:38:45.776 GMT+0100,3558.262,3554.533,0.02,0.02
19.04.2021 09:38:45.948 GMT+0100,3558.3440000000005,3553.82,0.02,0.02
19.04.2021 09:38:46.104 GMT+0100,3559.426,3553.656,0.02,0.02
19.04.2021 09:38:46.154 GMT+0100,3560.508,3556,0.02,0.02
19.04.2021 09:38:46.941 GMT+0100,3560.3440000000005,3556.697,0.02,0.02
19.04.2021 09:38:47.924 GMT+0100,3559.221,3556.6150000000002,0.0075,0.02
19.04.2021 09:40:45.882 GMT+0100,3561.303,3556.82,0.02,0.02
19.04.2021 09:40:45.932 GMT+0100,3559.426,3556.738,0.02,0.02
19.04.2021 09:42:10.572 GMT+0100,3558.467,3554.5740000000005,0.02,0.02
19.04.2021 09:42:12.022 GMT+0100,3558.221,3555.5740000000005,0.02,0.02
19.04.2021 09:42:12.283 GMT+0100,3557.3440000000005,3555.82,0.02,0.02
19.04.2021 09:42:33.402 GMT+0100,3558.467,3555.6150000000002,0.02,0.02
19.04.2021 09:42:33.503 GMT+0100,3560.3440000000005,3555.5740000000005,0.02,0.02
19.04.2021 09:42:34.804 GMT+0100,3560.385,3556.82,0.02,0.0075
19.04.2021 09:43:19.081 GMT+0100,3560.1800000000003,3557.451,0.02,0.0075
19.04.2021 09:44:10.417 GMT+0100,3562.303,3557.451,0.02,0.02
19.04.2021 09:44:10.467 GMT+0100,3561.262,3557.451,0.02,0.02
19.04.2021 09:44:10.642 GMT+0100,3560.3440000000005,3557.697,0.02,0.02
19.04.2021 09:44:14.828 GMT+0100,3561.303,3558.492,0.02,0.02
19.04.2021 09:44:14.979 GMT+0100,3561.508,3557.533,0.02,0.02
19.04.2021 09:44:22.055 GMT+0100,3561.262,3558.738,0.02,0.02
19.04.2021 09:45:41.131 GMT+0100,3560.508,3558.533,0.0075,0.02
19.04.2021 09:45:42.146 GMT+0100,3561.1800000000003,3558.492,0.02,0.02
19.04.2021 09:45:53.305 GMT+0100,3560.3440000000005,3556.656,0.02,0.02
19.04.2021 09:45:53.405 GMT+0100,3559.221,3556.738,0.02,0.02
19.04.2021 09:45:53.650 GMT+0100,3559.262,3557.533,0.0075,0.0075
19.04.2021 09:45:53.701 GMT+0100,3561,3558,0.02,0.02
19.04.2021 09:45:54.668 GMT+0100,3561.508,3559,0.02,0.02
19.04.2021 09:46:24.075 GMT+0100,3563.1800000000003,3558.451,0.02,0.02
19.04.2021 09:46:24.126 GMT+0100,3564.385,3560.451,0.02,0.02
19.04.2021 09:46:26.259 GMT+0100,3563.1800000000003,3560.5740000000005,0.02,0.02
19.04.2021 09:47:38.108 GMT+0100,3562.303,3558.6150000000002,0.02,0.02
19.04.2021 09:47:38.159 GMT+0100,3563.221,3558.656,0.02,0.02
19.04.2021 09:47:38.260 GMT+0100,3565.262,3561.6150000000002,0.02,0.02
19.04.2021 09:47:38.310 GMT+0100,3566.385,3561.82,0.02,0.02
19.04.2021 09:47:38.722 GMT+0100,3565.5490000000004,3561.533,0.0075,0.02
19.04.2021 09:47:38.822 GMT+0100,3566.221,3561.6150000000002,0.02,0.02
19.04.2021 09:47:50.874 GMT+0100,3567.426,3561.492,0.02,0.02
19.04.2021 09:47:51.142 GMT+0100,3567.426,3562.533,0.02,0.0075
19.04.2021 09:47:52.199 GMT+0100,3567.221,3563.6150000000002,0.02,0.02
19.04.2021 09:47:59.142 GMT+0100,3567.508,3564.6150000000002,0.02,0.0075
19.04.2021 09:48:15.221 GMT+0100,3567.508,3563.697,0.02,0.02
19.04.2021 09:48:49.131 GMT+0100,3567.467,3564.738,0.02,0.02
19.04.2021 09:49:58.348 GMT+0100,3570.3440000000005,3565.5740000000005,0.02,0.02
19.04.2021 09:49:58.628 GMT+0100,3570.385,3566.7790000000005,0.0075,0.0075
19.04.2021 09:49:58.729 GMT+0100,3572.467,3568.5740000000005,0.02,0.02
19.04.2021 09:50:33.701 GMT+0100,3571.385,3568.738,0.02,0.02
19.04.2021 09:50:37.802 GMT+0100,3571.3440000000005,3569.697,0.0075,0.0075
19.04.2021 09:50:37.853 GMT+0100,3572.385,3569.5740000000005,0.02,0.02
19.04.2021 09:52:03.715 GMT+0100,3575.508,3571.7790000000005,0.02,0.02
19.04.2021 09:52:03.765 GMT+0100,3576,3572.697,0.02,0.02
19.04.2021 09:53:18.436 GMT+0100,3575.303,3572.738,0.0075,0.02
19.04.2021 09:53:18.643 GMT+0100,3576,3572.533,0.02,0.02
19.04.2021 09:53:20.306 GMT+0100,3575.426,3571.697,0.02,0.02
19.04.2021 09:53:42.120 GMT+0100,3576.303,3571.7790000000005,0.02,0.02
19.04.2021 09:53:42.612 GMT+0100,3576.303,3572.533,0.02,0.0075
19.04.2021 09:53:58.117 GMT+0100,3575.3440000000005,3572.533,0.0075,0.02
19.04.2021 09:54:30.480 GMT+0100,3577.262,3574.492,0.02,0.02
19.04.2021 09:54:31.553 GMT+0100,3577.3440000000005,3572.82,0.02,0.02
19.04.2021 09:54:42.081 GMT+0100,3577.221,3573.533,0.02,0.02
19.04.2021 09:54:42.229 GMT+0100,3577,3572.533,0.02,0.02
19.04.2021 09:54:42.335 GMT+0100,3577.5490000000004,3574.6150000000002,0.02,0.0075
19.04.2021 09:54:49.132 GMT+0100,3577.303,3572.697,0.02,0.02
19.04.2021 09:54:49.182 GMT+0100,3576.262,3572.451,0.02,0.02
19.04.2021 09:54:53.636 GMT+0100,3575.221,3572.82,0.02,0.02
19.04.2021 09:54:59.176 GMT+0100,3576.385,3572.7790000000005,0.02,0.02
19.04.2021 09:54:59.298 GMT+0100,3577.262,3573,0.02,0.02
19.04.2021 09:55:30.492 GMT+0100,3576,3572.738,0.0075,0.02
19.04.2021 09:55:30.593 GMT+0100,3575.303,3573,0.02,0.02
19.04.2021 09:55:39.388 GMT+0100,3576.262,3572.7790000000005,0.02,0.02
19.04.2021 09:55:39.583 GMT+0100,3575.262,3572.697,0.02,0.02
19.04.2021 09:55:39.724 GMT+0100,3576.3440000000005,3572.656,0.02,0.02
19.04.2021 09:55:42.734 GMT+0100,3577.262,3572.6150000000002,0.02,0.02
19.04.2021 09:55:42.834 GMT+0100,3576.5490000000004,3574.5740000000005,0.02,0.02
19.04.2021 09:55:42.885 GMT+0100,3576.508,3572.82,0.02,0.02
19.04.2021 09:55:46.528 GMT+0100,3577.467,3573,0.02,0.02
19.04.2021 09:55:46.579 GMT+0100,3577.303,3574.451,0.02,0.02
19.04.2021 09:56:23.262 GMT+0100,3578,3575.82,0.02,0.02
19.04.2021 09:56:28.372 GMT+0100,3580.467,3576.656,0.02,0.02
19.04.2021 09:56:28.423 GMT+0100,3580.262,3575.533,0.02,0.02
19.04.2021 09:56:29.000 GMT+0100,3580.385,3577.492,0.0075,0.0075
19.04.2021 09:56:29.050 GMT+0100,3581.303,3577.451,0.02,0.02
19.04.2021 09:56:33.338 GMT+0100,3579.303,3577.656,0.02,0.02
19.04.2021 09:56:41.664 GMT+0100,3579.1800000000003,3575.6150000000002,0.02,0.02
19.04.2021 09:56:49.200 GMT+0100,3581.385,3576.7790000000005,0.02,0.02
19.04.2021 09:56:50.472 GMT+0100,3581.303,3577.656,0.02,0.02
19.04.2021 09:57:50.404 GMT+0100,3580.3440000000005,3577.738,0.02,0.02
19.04.2021 09:58:30.808 GMT+0100,3579.467,3574.5740000000005,0.02,0.02
19.04.2021 09:58:31.040 GMT+0100,3577.426,3575,0.0075,0.02
19.04.2021 09:58:31.824 GMT+0100,3577.221,3575.656,0.02,0.0075
19.04.2021 09:58:44.522 GMT+0100,3575.508,3572.451,0.02,0.02
19.04.2021 09:58:45.824 GMT+0100,3574.262,3572.5740000000005,0.0075,0.02
19.04.2021 09:58:58.641 GMT+0100,3573.467,3572.5740000000005,0.0075,0.0075
19.04.2021 09:58:58.691 GMT+0100,3573.508,3569.697,0.02,0.02
19.04.2021 09:59:03.649 GMT+0100,3573.3440000000005,3570.492,0.02,0.02
19.04.2021 09:59:03.804 GMT+0100,3573.303,3570,0.02,0.02
19.04.2021 09:59:08.648 GMT+0100,3573.221,3570.738,0.02,0.02
19.04.2021 09:59:25.479 GMT+0100,3572.303,3570.6150000000002,0.0075,0.02
19.04.2021 09:59:25.529 GMT+0100,3572,3569.451,0.02,0.02
19.04.2021 09:59:31.379 GMT+0100,3572.221,3570.492,0.0075,0.0075
19.04.2021 09:59:31.430 GMT+0100,3573.385,3569.738,0.02,0.02
19.04.2021 10:00:08.764 GMT+0100,3572,3569.451,0.02,0.02
19.04.2021 10:00:21.265 GMT+0100,3572.3440000000005,3567.5740000000005,0.02,0.02
19.04.2021 10:00:21.861 GMT+0100,3572.262,3568.533,0.02,0.0075
19.04.2021 10:00:22.080 GMT+0100,3570.385,3568.533,0.0075,0.0075
19.04.2021 10:00:22.131 GMT+0100,3570.426,3565.492,0.02,0.02
19.04.2021 10:00:23.044 GMT+0100,3570.262,3566.492,0.02,0.0075
19.04.2021 10:00:23.316 GMT+0100,3570.385,3567.492,0.02,0.02
19.04.2021 10:00:23.471 GMT+0100,3570.221,3566.738,0.02,0.02
19.04.2021 10:00:25.685 GMT+0100,3570.5490000000004,3567.738,0.02,0.02
19.04.2021 10:01:42.287 GMT+0100,3571.385,3567.738,0.02,0.02
19.04.2021 10:01:42.809 GMT+0100,3572.5490000000004,3567.7790000000005,0.02,0.02
19.04.2021 10:01:43.110 GMT+0100,3571.303,3567.82,0.02,0.02
19.04.2021 10:01:47.042 GMT+0100,3571.5490000000004,3568.82,0.02,0.0075
19.04.2021 10:01:59.089 GMT+0100,3573.5490000000004,3571.492,0.02,0.02
19.04.2021 10:02:01.323 GMT+0100,3573.303,3570.7790000000005,0.02,0.02
19.04.2021 10:02:01.373 GMT+0100,3572.426,3569.7790000000005,0.02,0.02
19.04.2021 10:02:02.987 GMT+0100,3574.262,3572.656,0.02,0.02
19.04.2021 10:02:03.088 GMT+0100,3575.5490000000004,3572.656,0.02,0.02
19.04.2021 10:02:03.259 GMT+0100,3576,3572.6150000000002,0.02,0.02
19.04.2021 10:02:04.762 GMT+0100,3576.262,3571.697,0.02,0.02
19.04.2021 10:02:42.808 GMT+0100,3576.508,3572.656,0.02,0.0075
19.04.2021 10:03:43.884 GMT+0100,3576.1800000000003,3573.7790000000005,0.02,0.0075
19.04.2021 10:03:44.035 GMT+0100,3576.508,3572.6150000000002,0.02,0.02
19.04.2021 10:06:10.188 GMT+0100,3574.1800000000003,3572.738,0.02,0.02
19.04.2021 10:06:10.239 GMT+0100,3573.467,3570.492,0.02,0.02
19.04.2021 10:06:10.339 GMT+0100,3573.508,3569.738,0.02,0.02
19.04.2021 10:06:10.476 GMT+0100,3574.1800000000003,3569.738,0.02,0.02
19.04.2021 10:06:10.526 GMT+0100,3574,3570.82,0.02,0.02
19.04.2021 10:06:13.881 GMT+0100,3574.508,3571.738,0.02,0.0075
19.04.2021 10:06:33.335 GMT+0100,3572.385,3571.6150000000002,0.0075,0.0075
19.04.2021 10:06:33.385 GMT+0100,3570.3440000000005,3567.492,0.02,0.02
19.04.2021 10:06:33.486 GMT+0100,3569.508,3567,0.02,0.02
19.04.2021 10:06:34.981 GMT+0100,3566.1800000000003,3562.6150000000002,0.02,0.02
19.04.2021 10:06:36.854 GMT+0100,3566.1800000000003,3561.656,0.02,0.02
19.04.2021 10:06:38.721 GMT+0100,3566.221,3563.492,0.02,0.0075
19.04.2021 10:06:41.050 GMT+0100,3566.3440000000005,3562.6150000000002,0.02,0.02
19.04.2021 10:06:45.314 GMT+0100,3566.303,3563.5740000000005,0.02,0.0075
19.04.2021 10:06:59.502 GMT+0100,3564.3440000000005,3563.82,0.0075,0.0075
19.04.2021 10:06:59.553 GMT+0100,3564.3440000000005,3561.82,0.02,0.02
19.04.2021 10:06:59.653 GMT+0100,3564.467,3560.6150000000002,0.02,0.02
19.04.2021 10:07:03.861 GMT+0100,3563.262,3559.656,0.02,0.02
19.04.2021 10:07:04.200 GMT+0100,3564.508,3559.492,0.02,0.02
19.04.2021 10:07:04.253 GMT+0100,3563.3440000000005,3559.451,0.0075,0.02
19.04.2021 10:07:06.858 GMT+0100,3563.467,3558.82,0.02,0.02
19.04.2021 10:07:11.808 GMT+0100,3563.508,3560.533,0.02,0.02
19.04.2021 10:07:18.457 GMT+0100,3563.3440000000005,3557.6150000000002,0.02,0.02
19.04.2021 10:07:18.507 GMT+0100,3563,3558.6150000000002,0.02,0.02
19.04.2021 10:07:19.398 GMT+0100,3563.5490000000004,3557.533,0.02,0.02
19.04.2021 10:07:21.420 GMT+0100,3563.262,3558.6150000000002,0.02,0.02
19.04.2021 10:07:23.946 GMT+0100,3561.221,3558,0.02,0.02
19.04.2021 10:07:24.320 GMT+0100,3560.385,3556.6150000000002,0.02,0.02
19.04.2021 10:07:24.428 GMT+0100,3560.426,3558,0.02,0.0075
19.04.2021 10:07:29.577 GMT+0100,3560.5490000000004,3556.697,0.02,0.02
19.04.2021 10:07:34.343 GMT+0100,3560.303,3555.492,0.02,0.02
19.04.2021 10:07:34.609 GMT+0100,3559.1800000000003,3555.7790000000005,0.0075,0.0075
19.04.2021 10:07:34.659 GMT+0100,3559,3554.738,0.02,0.02
19.04.2021 10:07:47.124 GMT+0100,3558.5490000000004,3554.451,0.0075,0.02
19.04.2021 10:07:47.174 GMT+0100,3558.5490000000004,3553.697,0.02,0.02
19.04.2021 10:07:47.657 GMT+0100,3558.262,3554.7790000000005,0.02,0.02
19.04.2021 10:07:48.752 GMT+0100,3558.221,3553.656,0.02,0.02
19.04.2021 10:07:53.700 GMT+0100,3558.385,3555.6150000000002,0.02,0.02
19.04.2021 10:08:01.031 GMT+0100,3557.221,3555.533,0.0075,0.02
19.04.2021 10:08:05.436 GMT+0100,3557.303,3552.492,0.02,0.02
19.04.2021 10:08:08.284 GMT+0100,3555.467,3550.656,0.02,0.02
19.04.2021 10:08:08.885 GMT+0100,3555.262,3552,0.02,0.02
19.04.2021 10:08:09.884 GMT+0100,3555.3440000000005,3552.533,0.02,0.02
19.04.2021 10:08:10.192 GMT+0100,3557.221,3553.533,0.02,0.02
19.04.2021 10:08:10.292 GMT+0100,3556.221,3552.7790000000005,0.02,0.02
19.04.2021 10:08:14.252 GMT+0100,3555.5490000000004,3552.82,0.0075,0.02
19.04.2021 10:08:22.164 GMT+0100,3555.385,3554.5740000000005,0.0075,0.0075
19.04.2021 10:08:22.214 GMT+0100,3557.262,3554.6150000000002,0.02,0.02
19.04.2021 10:08:22.265 GMT+0100,3557.303,3552.533,0.02,0.02
19.04.2021 10:08:22.359 GMT+0100,3556.508,3552.697,0.0075,0.02
19.04.2021 10:08:23.147 GMT+0100,3555.221,3552.7790000000005,0.02,0.02
19.04.2021 10:08:28.804 GMT+0100,3555.303,3553.492,0.02,0.0075
19.04.2021 10:08:34.007 GMT+0100,3555.1800000000003,3552.738,0.02,0.02
19.04.2021 10:08:46.127 GMT+0100,3553.1800000000003,3549.82,0.02,0.02
19.04.2021 10:08:57.922 GMT+0100,3553.1800000000003,3550.656,0.02,0.0075
19.04.2021 10:09:06.474 GMT+0100,3554,3550.656,0.02,0.02
19.04.2021 10:09:07.028 GMT+0100,3554,3552.656,0.02,0.0075
19.04.2021 10:09:07.212 GMT+0100,3554.508,3550.738,0.02,0.02
19.04.2021 10:09:33.708 GMT+0100,3553.3440000000005,3550.697,0.0075,0.0075
19.04.2021 10:09:33.758 GMT+0100,3553.426,3548.533,0.02,0.02
19.04.2021 10:09:35.071 GMT+0100,3554.3440000000005,3550.82,0.02,0.02
19.04.2021 10:09:38.598 GMT+0100,3554.1800000000003,3551.7790000000005,0.02,0.0075
19.04.2021 10:10:46.126 GMT+0100,3555.467,3552.6150000000002,0.02,0.02
19.04.2021 10:10:46.267 GMT+0100,3555.1800000000003,3553.697,0.0075,0.0075
19.04.2021 10:10:46.318 GMT+0100,3557.262,3555.6150000000002,0.02,0.02
19.04.2021 10:10:47.199 GMT+0100,3556.1800000000003,3555.25,0.0075,0.0075
19.04.2021 10:10:47.250 GMT+0100,3555.385,3550.738,0.02,0.02
19.04.2021 10:10:48.480 GMT+0100,3554.3440000000005,3550.697,0.02,0.02
19.04.2021 10:11:47.056 GMT+0100,3554.426,3551.82,0.02,0.0075
19.04.2021 10:14:03.938 GMT+0100,3553.221,3551.656,0.02,0.02
19.04.2021 10:14:05.145 GMT+0100,3553.5490000000004,3550.6150000000002,0.02,0.02
19.04.2021 10:14:05.204 GMT+0100,3554.467,3551.656,0.02,0.02
19.04.2021 10:14:44.854 GMT+0100,3551.467,3547.451,0.02,0.02
19.04.2021 10:14:45.408 GMT+0100,3550.221,3547.738,0.0075,0.02
19.04.2021 10:14:46.555 GMT+0100,3549.426,3547.6150000000002,0.02,0.02
19.04.2021 10:15:33.353 GMT+0100,3551,3549,0.02,0.02
19.04.2021 10:15:34.942 GMT+0100,3550.426,3548.533,0.0075,0.0075
19.04.2021 10:15:34.992 GMT+0100,3550.508,3547.7790000000005,0.02,0.02
19.04.2021 10:15:42.078 GMT+0100,3549.508,3547.7790000000005,0.0075,0.02
19.04.2021 10:15:42.261 GMT+0100,3552.3440000000005,3547.738,0.02,0.02
19.04.2021 10:15:42.311 GMT+0100,3552,3548.738,0.02,0.02
19.04.2021 10:15:43.093 GMT+0100,3551.1800000000003,3548.7790000000005,0.02,0.02
19.04.2021 10:15:59.081 GMT+0100,3550,3548.697,0.02,0.02
19.04.2021 10:15:59.131 GMT+0100,3552,3548.738,0.02,0.02
19.04.2021 10:15:59.182 GMT+0100,3551,3548.7790000000005,0.02,0.02
19.04.2021 10:16:00.208 GMT+0100,3550.1800000000003,3548.6150000000002,0.0075,0.02
19.04.2021 10:16:05.786 GMT+0100,3551.262,3548.656,0.02,0.02
19.04.2021 10:16:36.418 GMT+0100,3550.426,3548.533,0.0075,0.02
19.04.2021 10:18:45.784 GMT+0100,3550.467,3550,0.0075,0.0075
19.04.2021 10:18:45.835 GMT+0100,3551.221,3549.5740000000005,0.02,0.02
19.04.2021 10:18:46.828 GMT+0100,3551.262,3548.697,0.02,0.02
19.04.2021 10:18:52.061 GMT+0100,3550.221,3548.533,0.0075,0.0075
19.04.2021 10:18:52.112 GMT+0100,3550.221,3547.451,0.02,0.02
19.04.2021 10:18:53.352 GMT+0100,3551.467,3548.451,0.02,0.02
19.04.2021 10:18:53.412 GMT+0100,3551,3547.492,0.02,0.02
19.04.2021 10:19:03.800 GMT+0100,3551.5490000000004,3548.656,0.02,0.0075
19.04.2021 10:19:35.416 GMT+0100,3553.508,3549.6150000000002,0.02,0.02
19.04.2021 10:19:35.466 GMT+0100,3554,3552.6150000000002,0.02,0.02
19.04.2021 10:19:35.913 GMT+0100,3554.262,3550.697,0.02,0.02
19.04.2021 10:19:37.174 GMT+0100,3554.303,3551.697,0.02,0.0075
19.04.2021 10:19:37.423 GMT+0100,3554.3440000000005,3552.7790000000005,0.02,0.0075
19.04.2021 10:19:37.641 GMT+0100,3554.3440000000005,3551.5740000000005,0.02,0.02
19.04.2021 10:19:51.953 GMT+0100,3556.1800000000003,3551.738,0.02,0.02
19.04.2021 10:19:52.036 GMT+0100,3555.5490000000004,3552,0.02,0.02
19.04.2021 10:19:53.944 GMT+0100,3555.1800000000003,3553.6150000000002,0.02,0.02
19.04.2021 10:20:07.748 GMT+0100,3555.426,3552.738,0.02,0.02
19.04.2021 10:20:07.808 GMT+0100,3555.303,3553.656,0.02,0.0075
19.04.2021 10:20:13.509 GMT+0100,3555.75,3554.533,0.0075,0.0075
19.04.2021 10:20:13.559 GMT+0100,3559.262,3554.5740000000005,0.02,0.02
19.04.2021 10:20:13.610 GMT+0100,3559.3440000000005,3553.656,0.02,0.02
19.04.2021 10:20:13.856 GMT+0100,3558.262,3553.82,0.0075,0.02
19.04.2021 10:20:14.050 GMT+0100,3559,3553.6150000000002,0.02,0.02
19.04.2021 10:20:14.516 GMT+0100,3558.467,3553.82,0.0075,0.02
19.04.2021 10:20:14.625 GMT+0100,3558.467,3555.697,0.02,0.0075
19.04.2021 10:20:24.158 GMT+0100,3560.3440000000005,3556.6150000000002,0.02,0.02
19.04.2021 10:20:31.463 GMT+0100,3560.1800000000003,3557.7790000000005,0.02,0.0075
19.04.2021 10:20:38.093 GMT+0100,3563,3559.6150000000002,0.02,0.02
19.04.2021 10:20:39.294 GMT+0100,3563,3558.492,0.02,0.02
19.04.2021 10:20:39.800 GMT+0100,3562.508,3558.82,0.0075,0.02
19.04.2021 10:20:59.170 GMT+0100,3563.303,3558.492,0.02,0.02
19.04.2021 10:20:59.838 GMT+0100,3563.426,3559.738,0.02,0.0075
19.04.2021 10:21:07.534 GMT+0100,3561.385,3558.6150000000002,0.02,0.02
19.04.2021 10:21:10.067 GMT+0100,3560.303,3555.451,0.02,0.02
19.04.2021 10:21:12.222 GMT+0100,3559.385,3555.7790000000005,0.0075,0.02
19.04.2021 10:21:18.824 GMT+0100,3559.1800000000003,3556.7790000000005,0.02,0.0075
19.04.2021 10:21:18.874 GMT+0100,3559,3555.492,0.02,0.02
19.04.2021 10:21:26.773 GMT+0100,3559.3440000000005,3556.656,0.02,0.02
19.04.2021 10:21:31.252 GMT+0100,3558.303,3553.656,0.02,0.02
19.04.2021 10:21:31.404 GMT+0100,3556.385,3553.656,0.0075,0.02
19.04.2021 10:21:59.863 GMT+0100,3556.385,3551.533,0.02,0.02
19.04.2021 10:22:02.079 GMT+0100,3556.508,3552.656,0.02,0.0075
19.04.2021 10:22:02.228 GMT+0100,3553.385,3549.492,0.0075,0.02
19.04.2021 10:22:02.278 GMT+0100,3554.1800000000003,3549.451,0.02,0.02
19.04.2021 10:22:15.200 GMT+0100,3554.385,3550.533,0.02,0.02
19.04.2021 10:22:15.301 GMT+0100,3554.5490000000004,3550,0.02,0.02
19.04.2021 10:22:16.635 GMT+0100,3553.221,3549.533,0.0075,0.02
19.04.2021 10:22:42.816 GMT+0100,3552,3549.656,0.0075,0.02
19.04.2021 10:22:43.399 GMT+0100,3551.262,3549.82,0.02,0.0075
19.04.2021 10:22:43.449 GMT+0100,3551.385,3547.492,0.02,0.02
19.04.2021 10:23:57.616 GMT+0100,3550.385,3547.492,0.0075,0.0075
19.04.2021 10:23:57.667 GMT+0100,3550.385,3545.738,0.02,0.02
19.04.2021 10:24:04.256 GMT+0100,3549.385,3544.82,0.02,0.02
19.04.2021 10:24:10.057 GMT+0100,3549.385,3545.656,0.02,0.02
19.04.2021 10:24:11.440 GMT+0100,3549.221,3546.738,0.02,0.02
19.04.2021 10:24:15.240 GMT+0100,3550.3440000000005,3546.656,0.02,0.02
19.04.2021 10:24:15.290 GMT+0100,3548.508,3546.656,0.02,0.02
19.04.2021 10:25:00.753 GMT+0100,3550.5490000000004,3546.492,0.02,0.02
19.04.2021 10:25:00.878 GMT+0100,3551.221,3546.82,0.02,0.02
19.04.2021 10:25:06.763 GMT+0100,3551.1800000000003,3547.738,0.02,0.0075
19.04.2021 10:25:08.935 GMT+0100,3551.262,3547,0.02,0.02
19.04.2021 10:25:21.354 GMT+0100,3550.5490000000004,3546.451,0.02,0.02
19.04.2021 10:25:39.641 GMT+0100,3548.262,3546.492,0.0075,0.0075
19.04.2021 10:25:39.691 GMT+0100,3548,3545,0.02,0.02
19.04.2021 10:25:41.101 GMT+0100,3547.262,3544.533,0.0075,0.02
19.04.2021 10:26:29.766 GMT+0100,3546.5490000000004,3544.6150000000002,0.02,0.02
19.04.2021 10:26:31.450 GMT+0100,3547.303,3544.6150000000002,0.02,0.02
19.04.2021 10:27:19.081 GMT+0100,3547.3440000000005,3545.7790000000005,0.02,0.0075
19.04.2021 10:27:20.139 GMT+0100,3547.1800000000003,3544.656,0.02,0.02
19.04.2021 10:28:12.076 GMT+0100,3547.221,3545.697,0.02,0.02
19.04.2021 10:28:40.369 GMT+0100,3547.426,3544.697,0.02,0.02
19.04.2021 10:29:50.049 GMT+0100,3547.303,3546,0.02,0.0075
19.04.2021 10:30:00.685 GMT+0100,3550.5490000000004,3546.492,0.02,0.02
19.04.2021 10:30:00.735 GMT+0100,3549.3440000000005,3545.492,0.02,0.02
19.04.2021 10:30:02.221 GMT+0100,3548.262,3545.533,0.0075,0.02
19.04.2021 10:30:02.321 GMT+0100,3549.426,3545.7790000000005,0.02,0.02
19.04.2021 10:30:30.761 GMT+0100,3548.262,3545.82,0.0075,0.02
19.04.2021 10:31:11.786 GMT+0100,3547.5490000000004,3545.451,0.02,0.02
19.04.2021 10:31:25.160 GMT+0100,3548,3545.5740000000005,0.02,0.02
19.04.2021 10:31:25.806 GMT+0100,3548.1800000000003,3546.656,0.02,0.0075
19.04.2021 10:31:31.466 GMT+0100,3550.221,3546.7790000000005,0.02,0.02
19.04.2021 10:32:01.393 GMT+0100,3549.467,3546.738,0.02,0.02
19.04.2021 10:32:01.443 GMT+0100,3550.1800000000003,3546.656,0.02,0.02
19.04.2021 10:33:17.941 GMT+0100,3551.303,3547.82,0.02,0.02
19.04.2021 10:33:18.123 GMT+0100,3551.221,3546.451,0.02,0.02
19.04.2021 10:33:19.200 GMT+0100,3551.385,3547.6150000000002,0.02,0.02
19.04.2021 10:33:20.491 GMT+0100,3550.5490000000004,3546.82,0.02,0.02
19.04.2021 10:33:20.543 GMT+0100,3551.426,3546.492,0.02,0.02
19.04.2021 10:33:21.028 GMT+0100,3551.426,3547.6150000000002,0.02,0.0075
19.04.2021 10:33:22.519 GMT+0100,3551.426,3546.7790000000005,0.02,0.02
19.04.2021 10:33:35.667 GMT+0100,3551.303,3547.697,0.02,0.0075
19.04.2021 10:33:36.974 GMT+0100,3551.426,3546.697,0.02,0.02
19.04.2021 10:34:18.879 GMT+0100,3551.467,3547.697,0.02,0.02
19.04.2021 10:34:25.089 GMT+0100,3551,3548.492,0.02,0.0075
19.04.2021 10:35:14.740 GMT+0100,3550.262,3548.451,0.0075,0.0075
19.04.2021 10:35:14.790 GMT+0100,3550.303,3546.451,0.02,0.02
19.04.2021 10:36:03.922 GMT+0100,3548.221,3544.5740000000005,0.02,0.02
19.04.2021 10:36:04.025 GMT+0100,3549.467,3546.697,0.02,0.02
19.04.2021 10:36:05.021 GMT+0100,3549.5490000000004,3545.6150000000002,0.02,0.02
19.04.2021 10:36:17.288 GMT+0100,3548.385,3545.6150000000002,0.0075,0.02
19.04.2021 10:36:19.943 GMT+0100,3548.303,3544.656,0.02,0.02
19.04.2021 10:38:13.657 GMT+0100,3548.3440000000005,3545.451,0.02,0.02
19.04.2021 10:38:13.707 GMT+0100,3548.5490000000004,3544.7790000000005,0.02,0.02
19.04.2021 10:39:05.056 GMT+0100,3548.3440000000005,3545.6150000000002,0.02,0.02
19.04.2021 10:39:05.157 GMT+0100,3548.1800000000003,3545,0.02,0.02
19.04.2021 10:39:46.216 GMT+0100,3545,3544.75,0.0075,0.0075
19.04.2021 10:39:46.267 GMT+0100,3545.3440000000005,3540.656,0.02,0.02
19.04.2021 10:39:46.317 GMT+0100,3544.385,3540.492,0.02,0.02
19.04.2021 10:39:58.096 GMT+0100,3544.303,3541.738,0.02,0.02
19.04.2021 10:39:58.147 GMT+0100,3544.3440000000005,3540.492,0.02,0.02
19.04.2021 10:40:04.139 GMT+0100,3545.508,3540.6150000000002,0.02,0.02
19.04.2021 10:41:09.795 GMT+0100,3544,3540.738,0.0075,0.02
19.04.2021 10:41:13.055 GMT+0100,3544.426,3541.656,0.02,0.0075
19.04.2021 10:41:59.654 GMT+0100,3543.221,3540.5740000000005,0.02,0.02
19.04.2021 10:41:59.704 GMT+0100,3543.5490000000004,3540,0.02,0.02
19.04.2021 10:42:00.097 GMT+0100,3542.3440000000005,3539.5740000000005,0.0075,0.02
19.04.2021 10:42:33.083 GMT+0100,3542.303,3537.738,0.02,0.02
19.04.2021 10:42:33.134 GMT+0100,3541.508,3536.5740000000005,0.02,0.02
19.04.2021 10:42:33.711 GMT+0100,3539.221,3535.492,0.02,0.02
19.04.2021 10:42:33.902 GMT+0100,3540.467,3535.5740000000005,0.02,0.02
19.04.2021 10:42:34.152 GMT+0100,3539.3440000000005,3535.82,0.02,0.02
19.04.2021 10:42:34.690 GMT+0100,3538.385,3535.6150000000002,0.0075,0.0075
19.04.2021 10:42:34.740 GMT+0100,3538.221,3534.697,0.02,0.02
19.04.2021 10:42:42.269 GMT+0100,3543.3440000000005,3538.82,0.02,0.02
19.04.2021 10:42:42.319 GMT+0100,3542.262,3537.451,0.02,0.02
19.04.2021 10:42:42.459 GMT+0100,3542.1800000000003,3538.656,0.02,0.02
19.04.2021 10:43:11.542 GMT+0100,3542.1800000000003,3539.492,0.0075,0.0075
19.04.2021 10:43:11.592 GMT+0100,3543.5490000000004,3539.6150000000002,0.02,0.02
19.04.2021 10:43:11.693 GMT+0100,3543.426,3538.7790000000005,0.02,0.02
19.04.2021 10:43:15.800 GMT+0100,3543.5490000000004,3540.533,0.02,0.0075
19.04.2021 10:43:23.676 GMT+0100,3542.303,3540.697,0.02,0.02
19.04.2021 10:43:35.607 GMT+0100,3542,3537.451,0.02,0.02
19.04.2021 10:43:50.108 GMT+0100,3541.385,3537.6150000000002,0.02,0.02
19.04.2021 10:43:55.733 GMT+0100,3542.385,3537.738,0.02,0.02
19.04.2021 10:44:00.016 GMT+0100,3542.385,3538.82,0.02,0.0075
19.04.2021 10:44:17.110 GMT+0100,3542,3537.533,0.02,0.02
19.04.2021 10:44:17.248 GMT+0100,3541.1800000000003,3537.697,0.02,0.02
19.04.2021 10:44:17.346 GMT+0100,3542.508,3537.697,0.02,0.02
19.04.2021 10:44:34.357 GMT+0100,3541.303,3537.82,0.0075,0.02
19.04.2021 10:44:42.260 GMT+0100,3540.5490000000004,3537,0.02,0.02
19.04.2021 10:44:42.311 GMT+0100,3540.1800000000003,3536,0.02,0.02
19.04.2021 10:46:01.045 GMT+0100,3540.3440000000005,3536.7790000000005,0.02,0.0075
19.04.2021 10:46:01.146 GMT+0100,3540.385,3535.697,0.02,0.02
19.04.2021 10:46:26.098 GMT+0100,3540.3440000000005,3536.738,0.02,0.02
19.04.2021 10:47:25.524 GMT+0100,3540,3535.6150000000002,0.02,0.02
19.04.2021 10:47:40.731 GMT+0100,3540.1800000000003,3536.451,0.02,0.02
19.04.2021 10:47:52.635 GMT+0100,3540.467,3535.492,0.02,0.02
19.04.2021 10:48:54.015 GMT+0100,3539.1800000000003,3535.82,0.02,0.02
19.04.2021 10:48:54.123 GMT+0100,3538.5490000000004,3536,0.02,0.02
19.04.2021 10:49:03.692 GMT+0100,3537.508,3535.738,0.0075,0.0075
19.04.2021 10:49:03.743 GMT+0100,3536,3532.492,0.02,0.02
19.04.2021 10:49:15.297 GMT+0100,3536,3531.738,0.02,0.02
19.04.2021 10:49:17.088 GMT+0100,3536.385,3532.656,0.02,0.0075
19.04.2021 10:49:17.139 GMT+0100,3536.1800000000003,3531.533,0.02,0.02
19.04.2021 10:50:13.468 GMT+0100,3536.5490000000004,3532.738,0.02,0.02
19.04.2021 10:50:14.306 GMT+0100,3535.1800000000003,3531.7790000000005,0.02,0.02
19.04.2021 10:50:30.621 GMT+0100,3535,3530.533,0.02,0.02
19.04.2021 10:50:31.063 GMT+0100,3534.3440000000005,3530.7790000000005,0.02,0.02
19.04.2021 10:50:45.964 GMT+0100,3534.303,3532.7790000000005,0.0075,0.0075
19.04.2021 10:50:46.015 GMT+0100,3535.303,3532.697,0.02,0.02
19.04.2021 10:52:44.408 GMT+0100,3536.467,3533.533,0.02,0.02
19.04.2021 10:52:44.458 GMT+0100,3536.262,3532.738,0.02,0.02
19.04.2021 10:52:44.508 GMT+0100,3535,3532.697,0.02,0.02
19.04.2021 10:52:51.067 GMT+0100,3534.303,3530.738,0.02,0.02
19.04.2021 10:52:51.117 GMT+0100,3534.508,3532.492,0.02,0.02
19.04.2021 10:53:35.500 GMT+0100,3534.426,3529.697,0.02,0.02
19.04.2021 10:53:35.628 GMT+0100,3533.262,3529.738,0.0075,0.02
19.04.2021 10:53:35.678 GMT+0100,3534.5490000000004,3529.82,0.02,0.02
19.04.2021 10:53:37.811 GMT+0100,3535.3440000000005,3529.533,0.02,0.02
19.04.2021 10:53:37.861 GMT+0100,3535.467,3531,0.02,0.02
19.04.2021 10:53:41.006 GMT+0100,3535.303,3531.492,0.02,0.02
19.04.2021 10:53:50.444 GMT+0100,3535,3532.5740000000005,0.02,0.0075
19.04.2021 10:54:50.935 GMT+0100,3534.426,3532.7790000000005,0.02,0.02
19.04.2021 10:54:58.582 GMT+0100,3535.5490000000004,3532.697,0.02,0.02
19.04.2021 10:55:38.849 GMT+0100,3536.467,3532.5740000000005,0.02,0.02
19.04.2021 10:56:15.733 GMT+0100,3536.1800000000003,3534.492,0.02,0.02
19.04.2021 10:56:15.985 GMT+0100,3538,3534.5740000000005,0.02,0.02
19.04.2021 10:57:10.675 GMT+0100,3538.1800000000003,3535.5740000000005,0.02,0.02
19.04.2021 10:57:22.869 GMT+0100,3538.221,3534.82,0.02,0.02
19.04.2021 10:59:39.527 GMT+0100,3539.262,3534.5740000000005,0.02,0.02
19.04.2021 10:59:41.909 GMT+0100,3538.426,3535,0.0075,0.02
19.04.2021 10:59:54.090 GMT+0100,3538.467,3535.451,0.02,0.0075
19.04.2021 11:00:17.850 GMT+0100,3539.467,3536.5740000000005,0.02,0.02
19.04.2021 11:00:17.900 GMT+0100,3539.5490000000004,3535.533,0.02,0.02
19.04.2021 11:00:21.091 GMT+0100,3538,3536.5740000000005,0.02,0.02
19.04.2021 11:00:21.278 GMT+0100,3538.3440000000005,3535.6150000000002,0.02,0.02
19.04.2021 11:00:49.578 GMT+0100,3538.221,3536.656,0.02,0.02
19.04.2021 11:02:00.600 GMT+0100,3537.508,3535.7790000000005,0.01,0.01
19.04.2021 11:02:00.702 GMT+0100,3536.5490000000004,3534.82,0.02,0.02
19.04.2021 11:02:00.752 GMT+0100,3537.385,3534.7790000000005,0.02,0.02
19.04.2021 11:02:00.804 GMT+0100,3537.385,3535.6150000000002,0.0075,0.0075
19.04.2021 11:02:00.855 GMT+0100,3538.3440000000005,3535.7790000000005,0.02,0.02
19.04.2021 11:02:02.175 GMT+0100,3538.5490000000004,3534.656,0.02,0.02
19.04.2021 11:02:31.157 GMT+0100,3538.303,3535.6150000000002,0.02,0.02
19.04.2021 11:02:46.701 GMT+0100,3538.508,3534.451,0.02,0.02
19.04.2021 11:02:46.802 GMT+0100,3539.5490000000004,3534.697,0.02,0.02
19.04.2021 11:02:46.852 GMT+0100,3539.1800000000003,3535.738,0.02,0.02
19.04.2021 11:02:46.953 GMT+0100,3538.221,3534.738,0.02,0.02
19.04.2021 11:02:47.008 GMT+0100,3539,3535,0.02,0.02
19.04.2021 11:02:47.846 GMT+0100,3539.508,3535.5740000000005,0.02,0.02
19.04.2021 11:02:53.088 GMT+0100,3538.5490000000004,3535.7790000000005,0.02,0.02
19.04.2021 11:02:53.142 GMT+0100,3539.426,3535.533,0.02,0.02
19.04.2021 11:03:26.016 GMT+0100,3538.385,3535.6150000000002,0.0075,0.02
19.04.2021 11:03:54.053 GMT+0100,3539.508,3535.451,0.02,0.02
19.04.2021 11:04:30.294 GMT+0100,3538.385,3535.533,0.0075,0.02
19.04.2021 11:05:02.319 GMT+0100,3537,3535.82,0.0075,0.02
19.04.2021 11:05:02.369 GMT+0100,3538.508,3535.7790000000005,0.02,0.02
19.04.2021 11:06:05.420 GMT+0100,3537.262,3534.492,0.02,0.02
19.04.2021 11:06:05.471 GMT+0100,3538.5490000000004,3535,0.02,0.02
19.04.2021 11:06:08.058 GMT+0100,3537.5490000000004,3534.533,0.0075,0.02
19.04.2021 11:06:31.048 GMT+0100,3537.467,3535.82,0.02,0.0075
19.04.2021 11:06:42.470 GMT+0100,3537.3440000000005,3535,0.02,0.02
19.04.2021 11:07:36.143 GMT+0100,3537.3440000000005,3535.697,0.02,0.02
19.04.2021 11:07:41.401 GMT+0100,3540.5490000000004,3536.6150000000002,0.02,0.02
19.04.2021 11:07:41.452 GMT+0100,3540,3535.697,0.02,0.02
19.04.2021 11:07:41.502 GMT+0100,3540.221,3537.492,0.02,0.02
19.04.2021 11:08:32.145 GMT+0100,3540.221,3538.6150000000002,0.02,0.02
19.04.2021 11:08:32.306 GMT+0100,3540.3440000000005,3537.492,0.02,0.02
19.04.2021 11:08:48.551 GMT+0100,3541.467,3537.5740000000005,0.02,0.02
19.04.2021 11:09:20.878 GMT+0100,3540.1800000000003,3537.656,0.0075,0.02
19.04.2021 11:09:44.056 GMT+0100,3540.467,3538.6150000000002,0.02,0.02
19.04.2021 11:09:45.055 GMT+0100,3540.508,3537.7790000000005,0.02,0.02
19.04.2021 11:10:34.100 GMT+0100,3541.508,3537.697,0.02,0.02
19.04.2021 11:11:05.483 GMT+0100,3541.1800000000003,3538.5740000000005,0.02,0.02
19.04.2021 11:12:03.004 GMT+0100,3541.508,3539.492,0.02,0.0075
19.04.2021 11:13:00.941 GMT+0100,3542.1800000000003,3539.738,0.02,0.02
19.04.2021 11:13:01.000 GMT+0100,3542.467,3540.656,0.02,0.0075
19.04.2021 11:13:08.936 GMT+0100,3542.303,3539.738,0.02,0.02
19.04.2021 11:13:46.085 GMT+0100,3541.1800000000003,3537.451,0.02,0.02
19.04.2021 11:13:46.235 GMT+0100,3540.467,3538.656,0.02,0.02
19.04.2021 11:13:46.337 GMT+0100,3541.5490000000004,3539,0.02,0.02
19.04.2021 11:13:48.276 GMT+0100,3542.426,3538.738,0.02,0.02
19.04.2021 11:14:49.080 GMT+0100,3543.1800000000003,3538.697,0.01,0.01
19.04.2021 11:14:59.460 GMT+0100,3542.1800000000003,3538.5740000000005,0.0075,0.02
19.04.2021 11:15:11.275 GMT+0100,3543.5490000000004,3539.6150000000002,0.02,0.02
19.04.2021 11:15:42.308 GMT+0100,3542.262,3538.5740000000005,0.02,0.02
19.04.2021 11:17:06.072 GMT+0100,3542.467,3539.82,0.01,0.01
19.04.2021 11:17:06.122 GMT+0100,3543.467,3539.656,0.02,0.02
19.04.2021 11:17:09.105 GMT+0100,3543.508,3540.82,0.02,0.0075
19.04.2021 11:17:39.707 GMT+0100,3543.508,3541.7790000000005,0.02,0.02
19.04.2021 11:18:39.296 GMT+0100,3544,3541.533,0.02,0.02
19.04.2021 11:19:39.189 GMT+0100,3547.426,3543.697,0.02,0.02
19.04.2021 11:19:39.295 GMT+0100,3547.262,3544.451,0.02,0.0075
19.04.2021 11:20:02.216 GMT+0100,3546.508,3544.5740000000005,0.02,0.02
19.04.2021 11:20:02.368 GMT+0100,3546.385,3543.82,0.02,0.02
19.04.2021 11:20:06.835 GMT+0100,3547.221,3543.697,0.02,0.02
19.04.2021 11:20:07.172 GMT+0100,3546.3440000000005,3544,0.02,0.02
19.04.2021 11:20:34.533 GMT+0100,3545.262,3543.5740000000005,0.0075,0.0075
19.04.2021 11:20:34.583 GMT+0100,3545,3542.656,0.02,0.02
19.04.2021 11:20:34.735 GMT+0100,3546.426,3542.7790000000005,0.02,0.02
19.04.2021 11:20:42.924 GMT+0100,3545.385,3542.5740000000005,0.02,0.02
19.04.2021 11:20:51.291 GMT+0100,3545.426,3543.492,0.02,0.02
19.04.2021 11:24:42.456 GMT+0100,3548,3544.738,0.01,0.01
19.04.2021 11:24:42.572 GMT+0100,3548.221,3543.656,0.02,0.02
19.04.2021 11:24:43.464 GMT+0100,3547.221,3543.451,0.0075,0.02
19.04.2021 11:24:53.124 GMT+0100,3546.3440000000005,3543.6150000000002,0.02,0.02
19.04.2021 11:25:55.079 GMT+0100,3546.385,3544.6150000000002,0.02,0.0075
19.04.2021 11:25:56.442 GMT+0100,3548.1800000000003,3544.7790000000005,0.02,0.02
19.04.2021 11:26:06.507 GMT+0100,3548.303,3545.697,0.02,0.02
19.04.2021 11:26:06.613 GMT+0100,3548.3440000000005,3544.7790000000005,0.02,0.02
19.04.2021 11:26:16.816 GMT+0100,3547.426,3544.492,0.0075,0.02
19.04.2021 11:26:45.403 GMT+0100,3546.5490000000004,3544.7790000000005,0.0075,0.02
19.04.2021 11:26:45.454 GMT+0100,3546.508,3543.451,0.02,0.02
19.04.2021 11:27:08.996 GMT+0100,3547.426,3543.533,0.02,0.02
19.04.2021 11:28:03.459 GMT+0100,3546.508,3543.738,0.0075,0.02
19.04.2021 11:31:25.600 GMT+0100,3546.221,3544.656,0.02,0.0075
19.04.2021 11:31:26.465 GMT+0100,3548.508,3544.6150000000002,0.02,0.02
19.04.2021 11:31:28.404 GMT+0100,3548.508,3545.7790000000005,0.02,0.0075
19.04.2021 11:34:14.099 GMT+0100,3549.508,3546.6150000000002,0.02,0.02
19.04.2021 11:34:14.208 GMT+0100,3548.303,3546.5740000000005,0.02,0.02
19.04.2021 11:35:04.059 GMT+0100,3549.303,3546.492,0.02,0.02
19.04.2021 11:35:45.612 GMT+0100,3548.262,3546.5740000000005,0.0075,0.02
19.04.2021 11:38:56.281 GMT+0100,3547.508,3544.697,0.02,0.02
19.04.2021 11:38:56.382 GMT+0100,3548.426,3545.451,0.02,0.02
19.04.2021 11:38:56.492 GMT+0100,3548.221,3546.7790000000005,0.02,0.0075
19.04.2021 11:38:56.748 GMT+0100,3548.303,3545.656,0.02,0.02
19.04.2021 11:39:00.058 GMT+0100,3548.385,3543.492,0.02,0.02
19.04.2021 11:39:00.142 GMT+0100,3547,3543.533,0.02,0.02
19.04.2021 11:39:01.023 GMT+0100,3548.303,3543.7790000000005,0.02,0.02
19.04.2021 11:39:01.073 GMT+0100,3548.467,3544.533,0.02,0.02
19.04.2021 11:39:01.974 GMT+0100,3548.508,3545.738,0.02,0.0075
19.04.2021 11:39:11.114 GMT+0100,3549.385,3546,0.02,0.02
19.04.2021 11:39:11.164 GMT+0100,3552,3549.697,0.02,0.02
19.04.2021 11:39:11.267 GMT+0100,3551.385,3547.7790000000005,0.02,0.02
19.04.2021 11:39:15.029 GMT+0100,3550.221,3547.7790000000005,0.02,0.02
19.04.2021 11:39:15.181 GMT+0100,3551.508,3548,0.02,0.02
19.04.2021 11:39:36.400 GMT+0100,3551.221,3548.697,0.02,0.0075
19.04.2021 11:40:40.149 GMT+0100,3552,3548.82,0.02,0.02
19.04.2021 11:40:44.594 GMT+0100,3551.508,3548.533,0.0075,0.02
19.04.2021 11:41:08.200 GMT+0100,3549.467,3547.7790000000005,0.02,0.02
19.04.2021 11:41:08.251 GMT+0100,3550.303,3547.6150000000002,0.02,0.02
19.04.2021 11:41:08.850 GMT+0100,3551.3440000000005,3547.451,0.02,0.02
19.04.2021 11:41:33.266 GMT+0100,3550.5490000000004,3548,0.02,0.02
19.04.2021 11:42:01.208 GMT+0100,3549.1800000000003,3547.82,0.0075,0.02
19.04.2021 11:42:05.707 GMT+0100,3548.3440000000005,3547.451,0.0075,0.0075
19.04.2021 11:42:05.757 GMT+0100,3548.221,3545,0.02,0.02
19.04.2021 11:42:15.820 GMT+0100,3548.508,3545.656,0.02,0.0075
19.04.2021 11:42:21.863 GMT+0100,3549.508,3547,0.02,0.02
19.04.2021 11:43:27.306 GMT+0100,3548.303,3547,0.02,0.02
19.04.2021 11:43:27.549 GMT+0100,3549.5490000000004,3546.492,0.02,0.02
19.04.2021 11:43:44.586 GMT+0100,3549.1800000000003,3547.697,0.02,0.02
19.04.2021 11:44:04.459 GMT+0100,3550.385,3547.656,0.02,0.02
19.04.2021 11:44:04.509 GMT+0100,3550.3440000000005,3548.738,0.02,0.02
19.04.2021 11:44:13.950 GMT+0100,3552.1800000000003,3548.492,0.02,0.02
19.04.2021 11:44:14.000 GMT+0100,3551,3548.6150000000002,0.02,0.02
19.04.2021 11:46:22.504 GMT+0100,3552.508,3549.7790000000005,0.02,0.02
19.04.2021 11:46:30.221 GMT+0100,3551.5490000000004,3549.738,0.0075,0.0075
19.04.2021 11:46:30.271 GMT+0100,3552.1800000000003,3549,0.02,0.02
19.04.2021 11:48:02.350 GMT+0100,3551.385,3549,0.02,0.02
19.04.2021 11:48:03.832 GMT+0100,3551.426,3549.492,0.02,0.0075
19.04.2021 11:48:10.754 GMT+0100,3553.3440000000005,3549.656,0.02,0.02
19.04.2021 11:48:10.812 GMT+0100,3552.508,3549.533,0.0075,0.02
19.04.2021 11:48:38.472 GMT+0100,3552.426,3550.738,0.02,0.0075
19.04.2021 11:49:08.228 GMT+0100,3553.221,3550.7790000000005,0.02,0.02
19.04.2021 11:49:08.329 GMT+0100,3553.385,3551.656,0.02,0.02
19.04.2021 11:50:25.156 GMT+0100,3553.426,3552.82,0.0075,0.0075
19.04.2021 11:50:25.206 GMT+0100,3555.467,3552.82,0.02,0.02
19.04.2021 11:50:25.257 GMT+0100,3555.262,3551.82,0.02,0.02
19.04.2021 11:50:26.059 GMT+0100,3554.426,3551.533,0.02,0.02
19.04.2021 11:50:42.472 GMT+0100,3553.5490000000004,3551.697,0.0075,0.02
19.04.2021 11:50:59.122 GMT+0100,3552.426,3550.492,0.02,0.02
19.04.2021 11:50:59.223 GMT+0100,3551.303,3550,0.02,0.02
19.04.2021 11:50:59.273 GMT+0100,3552.426,3549.656,0.02,0.02
19.04.2021 11:50:59.323 GMT+0100,3551.1800000000003,3549.656,0.02,0.02
19.04.2021 11:51:13.275 GMT+0100,3552.221,3549.6150000000002,0.02,0.02
19.04.2021 11:52:42.072 GMT+0100,3551.5490000000004,3549.656,0.0075,0.02
19.04.2021 11:52:45.636 GMT+0100,3552.3440000000005,3549.533,0.02,0.02
19.04.2021 11:52:47.095 GMT+0100,3551,3549.656,0.02,0.02
19.04.2021 11:53:01.107 GMT+0100,3552.1800000000003,3549.533,0.02,0.02
19.04.2021 11:54:24.074 GMT+0100,3553,3549.82,0.02,0.02
19.04.2021 11:54:37.769 GMT+0100,3553.303,3550.656,0.02,0.0075
19.04.2021 11:54:39.200 GMT+0100,3553.1800000000003,3551.6150000000002,0.02,0.0075
19.04.2021 11:54:40.269 GMT+0100,3555.5490000000004,3552.82,0.02,0.02
19.04.2021 11:54:40.368 GMT+0100,3555.467,3553.656,0.02,0.0075
19.04.2021 11:55:19.884 GMT+0100,3558.1800000000003,3554.533,0.02,0.02
19.04.2021 11:55:19.934 GMT+0100,3556.262,3553.656,0.02,0.02
19.04.2021 11:55:20.085 GMT+0100,3557.385,3554.533,0.02,0.02
19.04.2021 11:55:20.185 GMT+0100,3558.426,3553.738,0.02,0.02
19.04.2021 11:55:20.608 GMT+0100,3557.467,3553.6150000000002,0.02,0.02
19.04.2021 11:55:21.941 GMT+0100,3556.1800000000003,3553.738,0.02,0.02
19.04.2021 11:55:22.037 GMT+0100,3557.467,3553.533,0.02,0.02
19.04.2021 11:55:28.541 GMT+0100,3559.303,3555.697,0.02,0.02
19.04.2021 11:55:28.592 GMT+0100,3560.221,3555.697,0.02,0.02
19.04.2021 11:55:28.642 GMT+0100,3562.221,3557.697,0.02,0.02
19.04.2021 11:55:29.004 GMT+0100,3562.5490000000004,3558.5740000000005,0.02,0.0075
19.04.2021 11:55:30.346 GMT+0100,3563.1800000000003,3557.7790000000005,0.02,0.02
19.04.2021 11:55:32.441 GMT+0100,3562.303,3557.6150000000002,0.0075,0.02
19.04.2021 11:55:35.689 GMT+0100,3560,3557.533,0.0075,0.02
19.04.2021 11:55:35.739 GMT+0100,3560.221,3554.492,0.02,0.02
19.04.2021 11:55:36.298 GMT+0100,3560.467,3555.697,0.02,0.0075
19.04.2021 11:55:38.111 GMT+0100,3560.221,3554.656,0.02,0.02
19.04.2021 11:55:40.100 GMT+0100,3559,3554.7790000000005,0.0075,0.02
19.04.2021 11:55:44.091 GMT+0100,3559.385,3556.533,0.02,0.0075
19.04.2021 11:55:51.664 GMT+0100,3559.385,3557.5740000000005,0.0075,0.0075
19.04.2021 11:55:51.715 GMT+0100,3561.426,3557.82,0.02,0.02
19.04.2021 11:55:55.054 GMT+0100,3561.221,3558.697,0.02,0.02
19.04.2021 11:56:39.215 GMT+0100,3563.385,3558.533,0.02,0.02
19.04.2021 11:56:39.265 GMT+0100,3563.385,3559.697,0.02,0.02
19.04.2021 11:56:39.315 GMT+0100,3564.1800000000003,3560,0.02,0.02
19.04.2021 11:56:39.366 GMT+0100,3563.262,3559.738,0.02,0.02
19.04.2021 11:56:45.491 GMT+0100,3562.508,3559.533,0.0075,0.02
19.04.2021 11:56:46.760 GMT+0100,3564.467,3561,0.02,0.02
19.04.2021 11:56:46.860 GMT+0100,3564.3440000000005,3561.697,0.02,0.02
19.04.2021 11:56:47.625 GMT+0100,3564.221,3562.5740000000005,0.02,0.0075
19.04.2021 11:56:53.734 GMT+0100,3566.5490000000004,3562.697,0.02,0.02
19.04.2021 11:56:53.808 GMT+0100,3567.385,3564.451,0.02,0.02
19.04.2021 11:57:10.115 GMT+0100,3565.3440000000005,3564.697,0.0075,0.0075
19.04.2021 11:57:10.165 GMT+0100,3566.221,3562.697,0.02,0.02
19.04.2021 11:57:10.655 GMT+0100,3565,3562.697,0.0075,0.02
19.04.2021 11:57:22.858 GMT+0100,3565,3563.82,0.02,0.02
19.04.2021 11:57:33.490 GMT+0100,3568.1800000000003,3563.5740000000005,0.02,0.02
19.04.2021 11:57:33.592 GMT+0100,3569.508,3563.697,0.02,0.02
19.04.2021 11:57:34.041 GMT+0100,3569.3440000000005,3564.533,0.02,0.0075
19.04.2021 11:57:36.015 GMT+0100,3568.426,3564.656,0.02,0.02
19.04.2021 11:57:52.035 GMT+0100,3567.5490000000004,3564.7790000000005,0.0075,0.02
19.04.2021 11:57:52.766 GMT+0100,3567.508,3566,0.02,0.0075
19.04.2021 11:57:52.867 GMT+0100,3568.1800000000003,3565.656,0.02,0.02
19.04.2021 11:57:55.735 GMT+0100,3568.221,3564.7790000000005,0.02,0.02
19.04.2021 11:58:06.842 GMT+0100,3568.385,3565.533,0.02,0.0075
19.04.2021 11:58:18.778 GMT+0100,3571.1800000000003,3568.533,0.02,0.02
19.04.2021 11:58:33.612 GMT+0100,3573.467,3569,0.02,0.02
19.04.2021 11:58:35.831 GMT+0100,3573.221,3569.697,0.02,0.0075
19.04.2021 11:58:53.256 GMT+0100,3573.221,3568.7790000000005,0.02,0.02
19.04.2021 11:58:53.307 GMT+0100,3571.467,3568.492,0.02,0.02
19.04.2021 11:58:53.416 GMT+0100,3570.467,3568.533,0.02,0.02
19.04.2021 11:59:16.083 GMT+0100,3570.426,3567.6150000000002,0.02,0.02
19.04.2021 11:59:19.600 GMT+0100,3570.385,3568.697,0.02,0.0075
19.04.2021 11:59:26.067 GMT+0100,3573.508,3568.492,0.02,0.02
19.04.2021 11:59:26.600 GMT+0100,3573.1800000000003,3569.7790000000005,0.02,0.0075
19.04.2021 11:59:26.870 GMT+0100,3573.262,3569,0.02,0.02
19.04.2021 12:00:03.813 GMT+0100,3572.221,3568.5740000000005,0.0075,0.02
19.04.2021 12:00:03.995 GMT+0100,3573.426,3568.656,0.02,0.02
19.04.2021 12:00:04.113 GMT+0100,3572.508,3568.7790000000005,0.02,0.02
19.04.2021 12:00:04.703 GMT+0100,3573,3568.7790000000005,0.02,0.02
19.04.2021 12:00:10.697 GMT+0100,3572.508,3568.738,0.0075,0.02
19.04.2021 12:00:10.747 GMT+0100,3571.5490000000004,3566.533,0.02,0.02
19.04.2021 12:00:10.928 GMT+0100,3570.426,3566.697,0.0075,0.02
19.04.2021 12:00:39.305 GMT+0100,3569.508,3566.451,0.0075,0.02
19.04.2021 12:00:50.212 GMT+0100,3568.1800000000003,3566.6150000000002,0.0075,0.02
19.04.2021 12:01:03.748 GMT+0100,3569.426,3566.656,0.02,0.02
19.04.2021 12:01:13.620 GMT+0100,3568.5490000000004,3567,0.0075,0.0075
19.04.2021 12:01:13.671 GMT+0100,3568.1800000000003,3563.738,0.02,0.02
19.04.2021 12:01:13.721 GMT+0100,3568.467,3564.656,0.02,0.02
19.04.2021 12:01:13.771 GMT+0100,3568.467,3563.492,0.02,0.02
19.04.2021 12:01:23.672 GMT+0100,3568.5490000000004,3565.6150000000002,0.02,0.0075
19.04.2021 12:01:23.854 GMT+0100,3568.221,3564.82,0.02,0.02
19.04.2021 12:01:28.059 GMT+0100,3568.5490000000004,3566,0.02,0.0075
19.04.2021 12:01:37.897 GMT+0100,3569.1800000000003,3566.5740000000005,0.02,0.02
19.04.2021 12:01:38.073 GMT+0100,3569.508,3566,0.02,0.02
19.04.2021 12:01:41.027 GMT+0100,3569.1800000000003,3566.82,0.02,0.0075
19.04.2021 12:02:00.159 GMT+0100,3569.303,3565.6150000000002,0.02,0.02
19.04.2021 12:02:00.217 GMT+0100,3569.508,3566.492,0.02,0.0075
19.04.2021 12:03:05.500 GMT+0100,3568.5490000000004,3566.656,0.02,0.02
19.04.2021 12:03:07.397 GMT+0100,3569.385,3566.656,0.02,0.02
19.04.2021 12:03:08.224 GMT+0100,3569,3567.697,0.02,0.02
19.04.2021 12:03:16.748 GMT+0100,3570.3440000000005,3567.656,0.02,0.02
19.04.2021 12:04:16.742 GMT+0100,3570,3569,0.0075,0.0075
19.04.2021 12:04:16.792 GMT+0100,3572.5490000000004,3568.697,0.02,0.02
19.04.2021 12:04:16.842 GMT+0100,3572.221,3569.7790000000005,0.02,0.02
19.04.2021 12:04:41.960 GMT+0100,3572.262,3570.697,0.0075,0.0075
19.04.2021 12:04:42.010 GMT+0100,3573.426,3570.697,0.02,0.02
19.04.2021 12:04:42.061 GMT+0100,3574.303,3571.5740000000005,0.02,0.02
19.04.2021 12:06:15.925 GMT+0100,3577.1800000000003,3572.697,0.02,0.02
19.04.2021 12:06:16.132 GMT+0100,3576.1800000000003,3572.492,0.02,0.02
19.04.2021 12:06:16.345 GMT+0100,3577.3440000000005,3572.7790000000005,0.02,0.02
19.04.2021 12:06:20.088 GMT+0100,3577.1800000000003,3573.451,0.02,0.02
19.04.2021 12:06:31.876 GMT+0100,3575.467,3573.7790000000005,0.02,0.02
19.04.2021 12:06:43.707 GMT+0100,3574.508,3571.697,0.02,0.02
19.04.2021 12:06:43.757 GMT+0100,3573.303,3571.82,0.02,0.02
19.04.2021 12:06:45.052 GMT+0100,3573.467,3569.82,0.02,0.02
19.04.2021 12:06:45.137 GMT+0100,3573.5490000000004,3571.82,0.02,0.0075
19.04.2021 12:06:48.758 GMT+0100,3573.303,3569.492,0.02,0.02
19.04.2021 12:06:49.161 GMT+0100,3573.426,3570.6150000000002,0.02,0.02
19.04.2021 12:07:06.037 GMT+0100,3573.1800000000003,3571.451,0.02,0.0075
19.04.2021 12:07:06.285 GMT+0100,3573.426,3570.6150000000002,0.02,0.02
19.04.2021 12:07:08.022 GMT+0100,3574.303,3570.656,0.02,0.02
19.04.2021 12:07:09.372 GMT+0100,3575.221,3570.82,0.02,0.02
19.04.2021 12:07:19.047 GMT+0100,3575.467,3571.7790000000005,0.02,0.0075
19.04.2021 12:07:24.088 GMT+0100,3575.3440000000005,3572.5740000000005,0.02,0.0075
19.04.2021 12:07:27.498 GMT+0100,3574.303,3572.7790000000005,0.02,0.02
19.04.2021 12:07:55.770 GMT+0100,3572.5490000000004,3569.738,0.02,0.02
19.04.2021 12:08:16.526 GMT+0100,3572.385,3570.82,0.02,0.02
19.04.2021 12:08:16.666 GMT+0100,3572,3569.533,0.02,0.02
19.04.2021 12:08:17.370 GMT+0100,3572.5490000000004,3570.451,0.02,0.0075
19.04.2021 12:08:51.901 GMT+0100,3572.3440000000005,3569.82,0.02,0.02
19.04.2021 12:08:52.019 GMT+0100,3571,3569.451,0.0075,0.02
19.04.2021 12:08:52.171 GMT+0100,3572,3569.697,0.02,0.02
19.04.2021 12:09:11.691 GMT+0100,3572.385,3570.7790000000005,0.0075,0.0075
19.04.2021 12:09:11.742 GMT+0100,3574.385,3570.656,0.02,0.02
19.04.2021 12:09:11.792 GMT+0100,3573.1800000000003,3570.533,0.02,0.02
19.04.2021 12:09:12.063 GMT+0100,3573.1800000000003,3569.492,0.02,0.02
19.04.2021 12:09:26.069 GMT+0100,3573.303,3570.7790000000005,0.02,0.02
19.04.2021 12:09:32.552 GMT+0100,3577.262,3572.7790000000005,0.02,0.02
19.04.2021 12:09:32.612 GMT+0100,3575.426,3572.492,0.0075,0.02
19.04.2021 12:09:32.662 GMT+0100,3577.508,3573.492,0.02,0.02
19.04.2021 12:09:32.713 GMT+0100,3575.221,3573.7790000000005,0.02,0.02
19.04.2021 12:09:32.931 GMT+0100,3577.303,3573.451,0.02,0.02
19.04.2021 12:09:33.140 GMT+0100,3578.5490000000004,3573.492,0.02,0.02
19.04.2021 12:09:33.659 GMT+0100,3577.508,3573.5740000000005,0.0075,0.02
19.04.2021 12:09:35.671 GMT+0100,3578.5490000000004,3573.492,0.02,0.02
19.04.2021 12:09:47.636 GMT+0100,3577.508,3573.697,0.02,0.02
19.04.2021 12:09:48.672 GMT+0100,3575.1800000000003,3573.5740000000005,0.0075,0.0075
19.04.2021 12:09:48.722 GMT+0100,3575.3440000000005,3569.738,0.02,0.02
19.04.2021 12:09:48.772 GMT+0100,3575.303,3570.5740000000005,0.02,0.02
19.04.2021 12:09:48.823 GMT+0100,3575.262,3570,0.02,0.02
19.04.2021 12:09:48.888 GMT+0100,3575.3440000000005,3570.7790000000005,0.02,0.0075
19.04.2021 12:09:49.449 GMT+0100,3577.426,3573.451,0.02,0.02
19.04.2021 12:09:49.679 GMT+0100,3576.3440000000005,3571.82,0.02,0.02
19.04.2021 12:09:52.779 GMT+0100,3577.262,3573.492,0.02,0.02
19.04.2021 12:10:04.942 GMT+0100,3578.221,3573.656,0.02,0.02
19.04.2021 12:10:28.950 GMT+0100,3577.385,3573.7790000000005,0.0075,0.02
19.04.2021 12:10:29.051 GMT+0100,3576.1800000000003,3570.7790000000005,0.02,0.02
19.04.2021 12:10:29.101 GMT+0100,3577,3574,0.02,0.02
19.04.2021 12:11:23.880 GMT+0100,3577.385,3574.5740000000005,0.02,0.0075
19.04.2021 12:11:27.602 GMT+0100,3577.3440000000005,3573.5740000000005,0.02,0.02
19.04.2021 12:11:48.008 GMT+0100,3578.221,3573.5740000000005,0.02,0.02
19.04.2021 12:11:59.064 GMT+0100,3579.221,3574.656,0.02,0.02
19.04.2021 12:12:10.887 GMT+0100,3579.1800000000003,3575.82,0.02,0.02
19.04.2021 12:12:11.156 GMT+0100,3579.1800000000003,3576.738,0.02,0.02
19.04.2021 12:12:28.612 GMT+0100,3581.467,3577.533,0.02,0.02
19.04.2021 12:12:28.957 GMT+0100,3583.262,3578.738,0.02,0.0075
19.04.2021 12:12:30.346 GMT+0100,3581.5490000000004,3578.82,0.02,0.02
19.04.2021 12:12:37.612 GMT+0100,3581.5490000000004,3579.5740000000005,0.0075,0.0075
19.04.2021 12:12:37.662 GMT+0100,3583.5490000000004,3579.451,0.02,0.02
19.04.2021 12:12:38.094 GMT+0100,3583.262,3580.492,0.02,0.0075
19.04.2021 12:13:17.898 GMT+0100,3584.262,3580.656,0.02,0.02
19.04.2021 12:13:22.236 GMT+0100,3583.467,3580.656,0.0075,0.02
19.04.2021 12:13:37.578 GMT+0100,3584.221,3580.738,0.02,0.02
19.04.2021 12:14:19.086 GMT+0100,3584.262,3581.697,0.0075,0.0075
19.04.2021 12:14:19.137 GMT+0100,3588.5490000000004,3582.6150000000002,0.02,0.02
19.04.2021 12:14:19.212 GMT+0100,3588.5490000000004,3583.5740000000005,0.02,0.0075
19.04.2021 12:14:20.604 GMT+0100,3589.303,3584.82,0.02,0.02
19.04.2021 12:14:28.480 GMT+0100,3588.262,3584.6150000000002,0.02,0.02
19.04.2021 12:15:10.032 GMT+0100,3586.262,3584.533,0.0075,0.0075
19.04.2021 12:15:10.083 GMT+0100,3587.3440000000005,3583.492,0.02,0.02
19.04.2021 12:15:10.981 GMT+0100,3586.1800000000003,3583.697,0.0075,0.0075
19.04.2021 12:15:11.031 GMT+0100,3585.508,3581,0.02,0.02
19.04.2021 12:15:24.814 GMT+0100,3586.3440000000005,3581.7790000000005,0.02,0.02
19.04.2021 12:15:24.966 GMT+0100,3586.508,3582.7790000000005,0.0075,0.0075
19.04.2021 12:15:25.017 GMT+0100,3588.385,3582.451,0.02,0.02
19.04.2021 12:15:25.117 GMT+0100,3588.385,3583.6150000000002,0.02,0.02
19.04.2021 12:15:25.444 GMT+0100,3588,3584.7790000000005,0.02,0.0075
19.04.2021 12:15:25.545 GMT+0100,3588.1800000000003,3583.492,0.02,0.02
19.04.2021 12:15:25.696 GMT+0100,3588.426,3584.697,0.02,0.02
19.04.2021 12:15:35.002 GMT+0100,3587.262,3584.5740000000005,0.0075,0.02
19.04.2021 12:16:17.302 GMT+0100,3586.221,3582.7790000000005,0.02,0.02
19.04.2021 12:16:17.353 GMT+0100,3585.5490000000004,3582.82,0.02,0.02
19.04.2021 12:17:02.326 GMT+0100,3588.1800000000003,3582.533,0.02,0.02
19.04.2021 12:17:02.376 GMT+0100,3588,3583.82,0.02,0.02
19.04.2021 12:17:06.659 GMT+0100,3587.426,3583.451,0.0075,0.0075
19.04.2021 12:17:06.709 GMT+0100,3587.467,3582.656,0.02,0.02
19.04.2021 12:17:07.412 GMT+0100,3587.221,3583.656,0.0075,0.0075
19.04.2021 12:17:07.462 GMT+0100,3588.3440000000005,3584,0.02,0.02
19.04.2021 12:17:17.890 GMT+0100,3587.221,3584,0.0075,0.02
