Local time,Ask,Bid,AskVolume,BidVolume
22.04.2021 08:00:00.576 GMT+0100,3433.468,3406.8190000000004,0.02,0.0075
22.04.2021 08:00:02.025 GMT+0100,3441.0009999999997,3414.6140000000005,0.02,0.02
22.04.2021 08:02:48.544 GMT+0100,3413.427,3385.737,0.02,0.0075
22.04.2021 08:03:22.728 GMT+0100,3413.5090000000005,3389.737,0.0075,0.0075
22.04.2021 08:03:22.778 GMT+0100,3414.468,3389.696,0.02,0.02
22.04.2021 08:03:23.417 GMT+0100,3413.5090000000005,3389.573,0.0075,0.02
22.04.2021 08:03:23.615 GMT+0100,3412.3450000000003,3389.8190000000004,0.0075,0.02
22.04.2021 08:03:23.665 GMT+0100,3414.263,3389.696,0.02,0.02
22.04.2021 08:03:34.317 GMT+0100,3415.181,3389.9990000000003,0.02,0.02
22.04.2021 08:03:34.376 GMT+0100,3414.263,3389.4500000000003,0.0075,0.02
22.04.2021 08:03:34.426 GMT+0100,3415.468,3389.655,0.02,0.02
22.04.2021 08:03:46.633 GMT+0100,3414.263,3389.532,0.0075,0.02
22.04.2021 08:03:47.142 GMT+0100,3415.5090000000005,3389.9990000000003,0.02,0.02
22.04.2021 08:03:56.081 GMT+0100,3414.304,3389.491,0.0075,0.02
22.04.2021 08:03:56.231 GMT+0100,3413.468,3389.778,0.02,0.02
22.04.2021 08:03:56.388 GMT+0100,3412.386,3389.573,0.0075,0.02
22.04.2021 08:03:56.438 GMT+0100,3413.181,3389.532,0.02,0.02
22.04.2021 08:03:56.827 GMT+0100,3412.304,3389.6140000000005,0.0075,0.02
22.04.2021 08:03:57.052 GMT+0100,3413.5090000000005,3389.696,0.02,0.02
22.04.2021 08:04:04.329 GMT+0100,3412.5090000000005,3389.778,0.0075,0.02
22.04.2021 08:04:04.812 GMT+0100,3410.222,3389.778,0.0075,0.02
22.04.2021 08:04:09.887 GMT+0100,3416.304,3385.491,0.01,0.02
22.04.2021 08:04:09.988 GMT+0100,3415.263,3385.655,0.02,0.02
22.04.2021 08:04:10.936 GMT+0100,3414.386,3385.8190000000004,0.0075,0.02
22.04.2021 08:04:12.328 GMT+0100,3413.181,3385.573,0.0075,0.02
22.04.2021 08:04:12.428 GMT+0100,3414.0009999999997,3385.4500000000003,0.02,0.02
22.04.2021 08:04:20.557 GMT+0100,3413.181,3385.778,0.0075,0.02
22.04.2021 08:04:20.668 GMT+0100,3413.304,3388.655,0.02,0.0075
22.04.2021 08:04:21.618 GMT+0100,3412.468,3388.532,0.02,0.02
22.04.2021 08:04:30.602 GMT+0100,3413.5090000000005,3388.737,0.02,0.02
22.04.2021 08:04:30.653 GMT+0100,3411.55,3388.778,0.02,0.02
22.04.2021 08:04:30.703 GMT+0100,3412.0009999999997,3388.6140000000005,0.02,0.02
22.04.2021 08:04:31.958 GMT+0100,3404.468,3388.8190000000004,0.0075,0.02
22.04.2021 08:04:32.008 GMT+0100,3404.0009999999997,3385.655,0.02,0.02
22.04.2021 08:04:38.663 GMT+0100,3404.222,3390.6140000000005,0.02,0.0075
22.04.2021 08:04:43.701 GMT+0100,3404.222,3385.6140000000005,0.02,0.02
22.04.2021 08:05:01.195 GMT+0100,3404.181,3388.655,0.02,0.0075
22.04.2021 08:05:43.668 GMT+0100,3404.3450000000003,3390.696,0.02,0.0075
22.04.2021 08:05:45.357 GMT+0100,3404.263,3392.9990000000003,0.0075,0.0075
22.04.2021 08:05:45.407 GMT+0100,3421.181,3393.737,0.02,0.02
22.04.2021 08:05:45.540 GMT+0100,3414.181,3396.532,0.0075,0.0075
22.04.2021 08:05:45.789 GMT+0100,3414.5090000000005,3398.655,0.02,0.0075
22.04.2021 08:05:47.615 GMT+0100,3416.3450000000003,3398.778,0.02,0.02
22.04.2021 08:05:48.376 GMT+0100,3416.222,3401.8190000000004,0.02,0.02
22.04.2021 08:05:48.659 GMT+0100,3416.427,3398.8190000000004,0.02,0.02
22.04.2021 08:05:50.484 GMT+0100,3416.3450000000003,3400.737,0.02,0.0075
22.04.2021 08:06:01.473 GMT+0100,3416.5090000000005,3402.696,0.02,0.0075
22.04.2021 08:06:03.085 GMT+0100,3418.427,3402.737,0.02,0.02
22.04.2021 08:06:03.135 GMT+0100,3416.5090000000005,3402.778,0.02,0.02
22.04.2021 08:06:41.516 GMT+0100,3416.181,3400.4500000000003,0.02,0.02
22.04.2021 08:06:42.362 GMT+0100,3414.386,3400.573,0.0075,0.02
22.04.2021 08:06:42.792 GMT+0100,3415.427,3400.4500000000003,0.02,0.02
22.04.2021 08:06:48.669 GMT+0100,3416.5090000000005,3402.696,0.02,0.0075
22.04.2021 08:07:21.364 GMT+0100,3416.263,3404.696,0.02,0.0075
22.04.2021 08:07:31.666 GMT+0100,3418.304,3404.573,0.02,0.02
22.04.2021 08:07:39.592 GMT+0100,3415.55,3404.6140000000005,0.0075,0.02
22.04.2021 08:08:09.782 GMT+0100,3416.386,3404.4500000000003,0.02,0.02
22.04.2021 08:08:34.456 GMT+0100,3414.5090000000005,3404.573,0.02,0.02
22.04.2021 08:08:40.574 GMT+0100,3412.3450000000003,3404.491,0.0075,0.0075
22.04.2021 08:08:40.625 GMT+0100,3410.3450000000003,3398.4500000000003,0.02,0.02
22.04.2021 08:08:40.808 GMT+0100,3408.55,3398.696,0.02,0.02
22.04.2021 08:08:45.275 GMT+0100,3404.304,3398.573,0.0075,0.0075
22.04.2021 08:08:45.325 GMT+0100,3404.304,3392.6140000000005,0.02,0.02
22.04.2021 08:09:09.549 GMT+0100,3400.5090000000005,3388.655,0.02,0.02
22.04.2021 08:09:10.345 GMT+0100,3397.263,3387.8190000000004,0.02,0.02
22.04.2021 08:09:11.803 GMT+0100,3397.3450000000003,3385.532,0.02,0.02
22.04.2021 08:09:28.466 GMT+0100,3396.263,3387.573,0.0075,0.0075
22.04.2021 08:09:28.567 GMT+0100,3396.468,3383.9990000000003,0.02,0.02
22.04.2021 08:09:29.024 GMT+0100,3396.0009999999997,3385.491,0.02,0.02
22.04.2021 08:09:31.041 GMT+0100,3396.5090000000005,3383.778,0.02,0.02
22.04.2021 08:09:33.961 GMT+0100,3396.5090000000005,3385.491,0.02,0.0075
22.04.2021 08:09:40.969 GMT+0100,3397.386,3385.532,0.02,0.02
22.04.2021 08:09:43.758 GMT+0100,3394.427,3381.6140000000005,0.02,0.02
22.04.2021 08:09:55.186 GMT+0100,3394.0009999999997,3383.491,0.0075,0.0075
22.04.2021 08:09:55.237 GMT+0100,3396.55,3383.737,0.02,0.02
22.04.2021 08:10:14.366 GMT+0100,3397.386,3387.6140000000005,0.02,0.02
22.04.2021 08:10:18.393 GMT+0100,3397.222,3389.8190000000004,0.02,0.0075
22.04.2021 08:10:25.858 GMT+0100,3396.181,3385.573,0.02,0.02
22.04.2021 08:10:26.876 GMT+0100,3395.5090000000005,3383.696,0.0075,0.02
22.04.2021 08:10:39.596 GMT+0100,3395.3450000000003,3385.655,0.02,0.0075
22.04.2021 08:10:57.645 GMT+0100,3395.5090000000005,3387.6140000000005,0.02,0.02
22.04.2021 08:10:57.695 GMT+0100,3395.468,3385.6140000000005,0.02,0.02
22.04.2021 08:11:08.114 GMT+0100,3395.263,3389.573,0.02,0.0075
22.04.2021 08:11:10.737 GMT+0100,3397.263,3389.6140000000005,0.02,0.02
22.04.2021 08:11:10.940 GMT+0100,3397.5090000000005,3391.532,0.0075,0.0075
22.04.2021 08:11:10.991 GMT+0100,3400.468,3389.737,0.02,0.02
22.04.2021 08:11:11.229 GMT+0100,3398.304,3387.532,0.0075,0.02
22.04.2021 08:11:11.470 GMT+0100,3398.3450000000003,3389.655,0.02,0.0075
22.04.2021 08:11:13.724 GMT+0100,3398.386,3391.9990000000003,0.0075,0.0075
22.04.2021 08:11:13.774 GMT+0100,3401.3450000000003,3391.491,0.02,0.02
22.04.2021 08:11:15.634 GMT+0100,3401.222,3395.737,0.02,0.02
22.04.2021 08:11:42.936 GMT+0100,3401.5090000000005,3396.532,0.02,0.0075
22.04.2021 08:12:13.050 GMT+0100,3401.263,3398.491,0.02,0.0075
22.04.2021 08:12:13.100 GMT+0100,3408.386,3398.696,0.02,0.02
22.04.2021 08:12:14.033 GMT+0100,3410.468,3398.4500000000003,0.02,0.02
22.04.2021 08:12:17.069 GMT+0100,3408.468,3402.655,0.0075,0.0075
22.04.2021 08:12:17.229 GMT+0100,3410.468,3402.573,0.02,0.02
22.04.2021 08:12:33.196 GMT+0100,3410.386,3399.4500000000003,0.02,0.02
22.04.2021 08:12:36.124 GMT+0100,3410.304,3402.737,0.0075,0.0075
22.04.2021 08:12:36.174 GMT+0100,3412.222,3402.8190000000004,0.02,0.02
22.04.2021 08:12:37.178 GMT+0100,3412.3450000000003,3403.737,0.02,0.02
22.04.2021 08:12:57.319 GMT+0100,3413.0009999999997,3403.4500000000003,0.02,0.02
22.04.2021 08:13:01.290 GMT+0100,3414.386,3404.532,0.02,0.0075
22.04.2021 08:13:04.328 GMT+0100,3414.181,3405.737,0.0075,0.0075
22.04.2021 08:13:04.378 GMT+0100,3416.263,3405.696,0.02,0.02
22.04.2021 08:13:07.022 GMT+0100,3413.304,3405.9990000000003,0.02,0.02
22.04.2021 08:13:15.417 GMT+0100,3412.181,3405.532,0.02,0.02
22.04.2021 08:13:15.522 GMT+0100,3413.427,3405.9990000000003,0.02,0.02
22.04.2021 08:13:16.048 GMT+0100,3411.55,3405.9990000000003,0.0075,0.02
22.04.2021 08:13:34.473 GMT+0100,3408.0009999999997,3399.4500000000003,0.02,0.02
22.04.2021 08:13:34.612 GMT+0100,3409.304,3399.4500000000003,0.02,0.02
22.04.2021 08:13:34.663 GMT+0100,3410.263,3399.655,0.02,0.02
22.04.2021 08:13:35.128 GMT+0100,3408.181,3399.573,0.0075,0.02
22.04.2021 08:13:38.482 GMT+0100,3406.468,3399.737,0.0075,0.0075
22.04.2021 08:13:38.533 GMT+0100,3406.222,3395.655,0.02,0.02
22.04.2021 08:13:38.583 GMT+0100,3408.222,3397.778,0.02,0.02
22.04.2021 08:13:39.059 GMT+0100,3406.5090000000005,3395.696,0.02,0.02
22.04.2021 08:13:49.561 GMT+0100,3406.3450000000003,3398.573,0.02,0.0075
22.04.2021 08:14:28.788 GMT+0100,3406.304,3395.491,0.02,0.02
22.04.2021 08:14:31.792 GMT+0100,3406.0009999999997,3400.696,0.02,0.0075
22.04.2021 08:14:33.972 GMT+0100,3408.263,3400.6140000000005,0.02,0.02
22.04.2021 08:14:35.856 GMT+0100,3408.181,3402.532,0.02,0.02
22.04.2021 08:14:43.872 GMT+0100,3408.304,3404.778,0.02,0.0075
22.04.2021 08:15:00.013 GMT+0100,3412.222,3404.6140000000005,0.02,0.02
22.04.2021 08:15:00.064 GMT+0100,3413.222,3405.737,0.02,0.02
22.04.2021 08:15:00.179 GMT+0100,3413.3450000000003,3404.696,0.02,0.02
22.04.2021 08:15:01.778 GMT+0100,3413.222,3405.9990000000003,0.02,0.0075
22.04.2021 08:15:03.974 GMT+0100,3413.263,3406.778,0.02,0.0075
22.04.2021 08:15:06.063 GMT+0100,3414.427,3406.532,0.02,0.02
22.04.2021 08:15:08.084 GMT+0100,3413.0009999999997,3406.696,0.0075,0.02
22.04.2021 08:15:09.344 GMT+0100,3414.386,3406.532,0.02,0.02
22.04.2021 08:15:11.018 GMT+0100,3413.3450000000003,3406.4500000000003,0.0075,0.02
22.04.2021 08:15:18.245 GMT+0100,3414.181,3406.655,0.02,0.02
22.04.2021 08:15:19.153 GMT+0100,3413.55,3406.9990000000003,0.02,0.02
22.04.2021 08:15:20.045 GMT+0100,3413.304,3405.573,0.02,0.02
22.04.2021 08:15:20.424 GMT+0100,3412.181,3404.778,0.0075,0.0075
22.04.2021 08:15:20.475 GMT+0100,3413.468,3404.8190000000004,0.02,0.02
22.04.2021 08:15:44.254 GMT+0100,3413.468,3405.532,0.02,0.0075
22.04.2021 08:15:54.686 GMT+0100,3413.304,3406.573,0.0075,0.0075
22.04.2021 08:15:54.737 GMT+0100,3413.468,3405.778,0.02,0.02
22.04.2021 08:15:58.244 GMT+0100,3413.222,3407.4500000000003,0.0075,0.0075
22.04.2021 08:15:58.294 GMT+0100,3414.0009999999997,3407.737,0.02,0.02
22.04.2021 08:16:09.093 GMT+0100,3413.427,3407.491,0.0075,0.02
22.04.2021 08:16:11.216 GMT+0100,3414.304,3407.6140000000005,0.02,0.02
22.04.2021 08:16:23.039 GMT+0100,3413.222,3407.737,0.0075,0.02
22.04.2021 08:16:24.180 GMT+0100,3414.304,3407.6140000000005,0.02,0.02
22.04.2021 08:16:31.282 GMT+0100,3413.0009999999997,3407.6140000000005,0.0075,0.02
22.04.2021 08:16:32.440 GMT+0100,3414.263,3407.778,0.02,0.02
22.04.2021 08:16:33.373 GMT+0100,3413.304,3407.696,0.0075,0.02
22.04.2021 08:16:33.474 GMT+0100,3414.468,3407.573,0.02,0.02
22.04.2021 08:16:35.407 GMT+0100,3414.263,3409.532,0.02,0.0075
22.04.2021 08:16:46.516 GMT+0100,3415.263,3409.491,0.02,0.02
22.04.2021 08:16:53.318 GMT+0100,3417.263,3409.573,0.02,0.02
22.04.2021 08:16:53.431 GMT+0100,3416.3450000000003,3409.491,0.02,0.02
22.04.2021 08:16:54.532 GMT+0100,3416.468,3411.8190000000004,0.0075,0.0075
22.04.2021 08:16:54.583 GMT+0100,3419.3450000000003,3411.491,0.02,0.02
22.04.2021 08:16:55.571 GMT+0100,3420.0009999999997,3411.9990000000003,0.02,0.02
22.04.2021 08:16:56.541 GMT+0100,3424.5090000000005,3415.573,0.02,0.02
22.04.2021 08:16:57.520 GMT+0100,3423.427,3415.4500000000003,0.0075,0.02
22.04.2021 08:16:58.540 GMT+0100,3422.5090000000005,3417.9990000000003,0.0075,0.0075
22.04.2021 08:16:59.230 GMT+0100,3421.5090000000005,3412.532,0.02,0.02
22.04.2021 08:16:59.426 GMT+0100,3420.5090000000005,3411.573,0.02,0.02
22.04.2021 08:17:40.570 GMT+0100,3418.0009999999997,3411.696,0.0075,0.0075
22.04.2021 08:17:40.621 GMT+0100,3418.304,3409.696,0.02,0.02
22.04.2021 08:17:57.982 GMT+0100,3418.304,3410.9990000000003,0.02,0.0075
22.04.2021 08:18:03.437 GMT+0100,3419.386,3411.9990000000003,0.02,0.02
22.04.2021 08:18:45.532 GMT+0100,3419.468,3412.9990000000003,0.0075,0.0075
22.04.2021 08:18:45.583 GMT+0100,3421.386,3412.655,0.02,0.02
22.04.2021 08:18:47.173 GMT+0100,3421.468,3413.737,0.02,0.02
22.04.2021 08:18:49.313 GMT+0100,3420.181,3413.9990000000003,0.02,0.02
22.04.2021 08:18:50.326 GMT+0100,3421.3450000000003,3413.655,0.02,0.02
22.04.2021 08:18:54.042 GMT+0100,3420.468,3413.8190000000004,0.0075,0.02
22.04.2021 08:18:54.143 GMT+0100,3420.181,3412.573,0.02,0.02
22.04.2021 08:19:31.799 GMT+0100,3421.468,3412.9990000000003,0.02,0.02
22.04.2021 08:19:36.213 GMT+0100,3421.263,3413.532,0.02,0.0075
22.04.2021 08:19:47.636 GMT+0100,3421.468,3412.737,0.02,0.02
22.04.2021 08:19:47.686 GMT+0100,3420.263,3412.4500000000003,0.02,0.02
22.04.2021 08:20:18.437 GMT+0100,3420.304,3411.491,0.02,0.02
22.04.2021 08:20:20.642 GMT+0100,3416.55,3411.532,0.0075,0.0075
22.04.2021 08:20:20.693 GMT+0100,3416.55,3410.8190000000004,0.02,0.02
22.04.2021 08:21:01.352 GMT+0100,3415.55,3410.778,0.0075,0.02
22.04.2021 08:21:51.438 GMT+0100,3414.181,3410.696,0.02,0.02
22.04.2021 08:21:51.574 GMT+0100,3413.181,3410.491,0.02,0.02
22.04.2021 08:21:59.891 GMT+0100,3413.0009999999997,3407.6140000000005,0.02,0.02
22.04.2021 08:21:59.952 GMT+0100,3412.5090000000005,3407.9990000000003,0.0075,0.02
22.04.2021 08:22:27.038 GMT+0100,3415.427,3408.696,0.02,0.02
22.04.2021 08:22:28.388 GMT+0100,3414.5090000000005,3408.696,0.0075,0.0075
22.04.2021 08:22:28.438 GMT+0100,3414.181,3407.737,0.02,0.02
22.04.2021 08:22:31.124 GMT+0100,3414.263,3406.491,0.02,0.02
22.04.2021 08:22:31.486 GMT+0100,3412.222,3406.655,0.0075,0.02
22.04.2021 08:22:45.968 GMT+0100,3411.222,3405.6140000000005,0.02,0.02
22.04.2021 08:22:46.086 GMT+0100,3410.55,3404.532,0.02,0.02
22.04.2021 08:22:57.352 GMT+0100,3410.468,3405.532,0.02,0.0075
22.04.2021 08:22:58.865 GMT+0100,3410.468,3404.8190000000004,0.02,0.02
22.04.2021 08:23:00.728 GMT+0100,3410.427,3402.696,0.02,0.02
22.04.2021 08:23:01.924 GMT+0100,3410.222,3403.491,0.02,0.0075
22.04.2021 08:23:07.078 GMT+0100,3410.0009999999997,3402.778,0.02,0.02
22.04.2021 08:23:07.678 GMT+0100,3409.0009999999997,3402.778,0.0075,0.02
22.04.2021 08:23:24.100 GMT+0100,3407.468,3399.737,0.02,0.02
22.04.2021 08:23:25.608 GMT+0100,3407.263,3400.9990000000003,0.02,0.02
22.04.2021 08:23:25.789 GMT+0100,3408.0009999999997,3400.4500000000003,0.02,0.02
22.04.2021 08:23:28.356 GMT+0100,3407.427,3400.491,0.0075,0.0075
22.04.2021 08:23:28.406 GMT+0100,3407.468,3399.9990000000003,0.02,0.02
22.04.2021 08:23:29.252 GMT+0100,3407.3450000000003,3400.9990000000003,0.02,0.02
22.04.2021 08:23:29.855 GMT+0100,3407.5090000000005,3399.532,0.02,0.02
22.04.2021 08:23:30.370 GMT+0100,3407.55,3400.778,0.02,0.0075
22.04.2021 08:23:31.396 GMT+0100,3407.263,3399.696,0.02,0.02
22.04.2021 08:23:45.936 GMT+0100,3405.55,3399.8190000000004,0.0075,0.0075
22.04.2021 08:23:45.986 GMT+0100,3405.304,3397.9990000000003,0.02,0.02
22.04.2021 08:23:50.077 GMT+0100,3405.304,3399.9990000000003,0.02,0.02
22.04.2021 08:23:50.127 GMT+0100,3406.468,3398.9990000000003,0.02,0.02
22.04.2021 08:23:50.774 GMT+0100,3405.304,3398.8190000000004,0.02,0.02
22.04.2021 08:23:50.892 GMT+0100,3406.55,3398.491,0.02,0.02
22.04.2021 08:23:51.650 GMT+0100,3405.427,3398.8190000000004,0.0075,0.02
22.04.2021 08:23:55.613 GMT+0100,3405.468,3397.491,0.02,0.02
22.04.2021 08:23:58.043 GMT+0100,3405.3450000000003,3398.6140000000005,0.02,0.0075
22.04.2021 08:24:00.053 GMT+0100,3405.181,3397.491,0.02,0.02
22.04.2021 08:24:00.524 GMT+0100,3405.222,3396.491,0.02,0.02
22.04.2021 08:24:01.447 GMT+0100,3403.181,3396.532,0.0075,0.02
22.04.2021 08:24:03.040 GMT+0100,3403.55,3397.8190000000004,0.02,0.0075
22.04.2021 08:24:23.321 GMT+0100,3403.3450000000003,3396.737,0.02,0.02
22.04.2021 08:25:01.609 GMT+0100,3403.5090000000005,3397.778,0.02,0.02
22.04.2021 08:25:02.900 GMT+0100,3404.263,3397.696,0.02,0.02
22.04.2021 08:25:10.408 GMT+0100,3404.181,3398.655,0.02,0.0075
22.04.2021 08:25:44.404 GMT+0100,3404.263,3397.696,0.02,0.02
22.04.2021 08:25:52.905 GMT+0100,3404.263,3396.655,0.02,0.02
22.04.2021 08:25:58.247 GMT+0100,3404.304,3397.491,0.02,0.0075
22.04.2021 08:26:11.107 GMT+0100,3404.3450000000003,3396.491,0.02,0.02
22.04.2021 08:26:49.675 GMT+0100,3401.0009999999997,3396.696,0.0075,0.02
22.04.2021 08:27:01.304 GMT+0100,3401.0009999999997,3394.778,0.02,0.02
22.04.2021 08:27:06.458 GMT+0100,3401.55,3395.6140000000005,0.02,0.0075
22.04.2021 08:27:06.508 GMT+0100,3401.0009999999997,3394.9990000000003,0.02,0.02
22.04.2021 08:27:06.616 GMT+0100,3401.5090000000005,3395.737,0.02,0.0075
22.04.2021 08:27:12.863 GMT+0100,3401.263,3394.6140000000005,0.02,0.02
22.04.2021 08:27:17.149 GMT+0100,3401.0009999999997,3396.778,0.02,0.02
22.04.2021 08:27:24.802 GMT+0100,3401.427,3398.655,0.0075,0.0075
22.04.2021 08:27:24.852 GMT+0100,3404.386,3398.573,0.02,0.02
22.04.2021 08:27:50.026 GMT+0100,3403.222,3398.778,0.0075,0.0075
22.04.2021 08:27:50.076 GMT+0100,3403.3450000000003,3396.737,0.02,0.02
22.04.2021 08:28:26.420 GMT+0100,3402.3450000000003,3396.737,0.0075,0.02
22.04.2021 08:28:26.703 GMT+0100,3401.181,3394.4500000000003,0.02,0.02
22.04.2021 08:28:26.804 GMT+0100,3399.468,3393.573,0.0075,0.02
22.04.2021 08:28:27.033 GMT+0100,3399.181,3394.737,0.02,0.0075
22.04.2021 08:28:34.847 GMT+0100,3399.304,3393.737,0.02,0.02
22.04.2021 08:28:42.423 GMT+0100,3399.181,3394.737,0.02,0.02
22.04.2021 08:28:44.575 GMT+0100,3399.5090000000005,3393.655,0.02,0.02
22.04.2021 08:28:45.225 GMT+0100,3399.427,3394.655,0.02,0.0075
22.04.2021 08:29:24.235 GMT+0100,3398.181,3394.655,0.0075,0.02
22.04.2021 08:29:44.067 GMT+0100,3397.3450000000003,3394.532,0.02,0.02
22.04.2021 08:30:14.896 GMT+0100,3397.222,3390.4500000000003,0.02,0.02
22.04.2021 08:30:15.049 GMT+0100,3397.3450000000003,3392.9990000000003,0.02,0.0075
22.04.2021 08:30:15.732 GMT+0100,3395.5090000000005,3390.696,0.02,0.02
22.04.2021 08:30:15.872 GMT+0100,3395.0009999999997,3392.696,0.02,0.0075
22.04.2021 08:30:24.401 GMT+0100,3395.263,3390.491,0.02,0.02
22.04.2021 08:30:24.501 GMT+0100,3394.304,3389.737,0.02,0.02
22.04.2021 08:30:27.132 GMT+0100,3392.386,3389.6140000000005,0.02,0.02
22.04.2021 08:30:41.412 GMT+0100,3392.3450000000003,3387.491,0.02,0.02
22.04.2021 08:30:41.463 GMT+0100,3392.3450000000003,3388.696,0.02,0.02
22.04.2021 08:30:42.386 GMT+0100,3392.3450000000003,3387.696,0.02,0.02
22.04.2021 08:30:46.940 GMT+0100,3392.263,3386.737,0.02,0.02
22.04.2021 08:30:58.199 GMT+0100,3391.3450000000003,3385.778,0.02,0.02
22.04.2021 08:31:01.352 GMT+0100,3391.181,3386.778,0.02,0.0075
22.04.2021 08:31:17.121 GMT+0100,3391.304,3384.532,0.02,0.02
22.04.2021 08:31:17.524 GMT+0100,3389.181,3384.8190000000004,0.0075,0.02
22.04.2021 08:31:27.378 GMT+0100,3389.386,3383.655,0.02,0.02
22.04.2021 08:31:29.663 GMT+0100,3388.55,3383.655,0.0075,0.02
22.04.2021 08:31:30.578 GMT+0100,3388.55,3382.696,0.02,0.02
22.04.2021 08:31:38.205 GMT+0100,3388.468,3383.6140000000005,0.02,0.0075
22.04.2021 08:31:38.586 GMT+0100,3388.5090000000005,3382.573,0.02,0.02
22.04.2021 08:31:38.740 GMT+0100,3388.55,3383.4500000000003,0.02,0.0075
22.04.2021 08:31:39.982 GMT+0100,3388.5090000000005,3382.737,0.02,0.02
22.04.2021 08:31:43.054 GMT+0100,3386.222,3382.491,0.0075,0.0075
22.04.2021 08:31:43.105 GMT+0100,3386.263,3380.4500000000003,0.02,0.02
22.04.2021 08:32:00.867 GMT+0100,3386.3450000000003,3379.532,0.02,0.02
22.04.2021 08:32:00.917 GMT+0100,3386.3450000000003,3380.9990000000003,0.02,0.02
22.04.2021 08:32:58.729 GMT+0100,3387.0009999999997,3380.8190000000004,0.02,0.02
22.04.2021 08:33:03.193 GMT+0100,3388.263,3380.696,0.02,0.02
22.04.2021 08:33:19.701 GMT+0100,3388.468,3383.778,0.02,0.0075
22.04.2021 08:33:19.751 GMT+0100,3389.468,3383.573,0.02,0.02
22.04.2021 08:33:20.128 GMT+0100,3389.181,3382.9990000000003,0.02,0.02
22.04.2021 08:33:21.414 GMT+0100,3390.3450000000003,3382.491,0.02,0.02
22.04.2021 08:33:21.624 GMT+0100,3388.3450000000003,3382.532,0.02,0.02
22.04.2021 08:33:32.187 GMT+0100,3388.386,3383.491,0.02,0.02
22.04.2021 08:33:33.749 GMT+0100,3388.263,3385.8190000000004,0.02,0.02
22.04.2021 08:33:57.624 GMT+0100,3390.3450000000003,3385.655,0.02,0.02
22.04.2021 08:34:10.776 GMT+0100,3389.3450000000003,3385.778,0.0075,0.02
22.04.2021 08:34:13.724 GMT+0100,3390.0009999999997,3385.696,0.02,0.02
22.04.2021 08:34:18.876 GMT+0100,3389.55,3385.6140000000005,0.0075,0.02
22.04.2021 08:34:20.528 GMT+0100,3392.0009999999997,3385.6140000000005,0.02,0.02
22.04.2021 08:34:20.579 GMT+0100,3391.55,3385.491,0.02,0.02
22.04.2021 08:34:26.536 GMT+0100,3391.263,3386.778,0.02,0.0075
22.04.2021 08:34:26.944 GMT+0100,3389.222,3386.4500000000003,0.02,0.02
22.04.2021 08:34:35.975 GMT+0100,3389.304,3383.9990000000003,0.02,0.02
22.04.2021 08:34:36.407 GMT+0100,3387.304,3383.9990000000003,0.0075,0.02
22.04.2021 08:34:36.457 GMT+0100,3387.468,3382.655,0.02,0.02
22.04.2021 08:34:36.508 GMT+0100,3387.304,3383.778,0.02,0.02
22.04.2021 08:34:36.558 GMT+0100,3387.0009999999997,3382.696,0.02,0.02
22.04.2021 08:34:38.860 GMT+0100,3387.304,3383.696,0.02,0.0075
22.04.2021 08:34:43.620 GMT+0100,3389.222,3383.4500000000003,0.02,0.02
22.04.2021 08:34:44.832 GMT+0100,3388.263,3383.778,0.02,0.02
22.04.2021 08:34:44.985 GMT+0100,3389.55,3383.696,0.02,0.02
22.04.2021 08:35:13.936 GMT+0100,3389.304,3384.737,0.02,0.02
22.04.2021 08:35:17.654 GMT+0100,3389.304,3383.8190000000004,0.02,0.02
22.04.2021 08:35:21.032 GMT+0100,3388.222,3383.573,0.0075,0.02
22.04.2021 08:35:21.176 GMT+0100,3389.427,3386.6140000000005,0.02,0.0075
22.04.2021 08:35:32.128 GMT+0100,3388.222,3383.6140000000005,0.02,0.02
22.04.2021 08:35:32.236 GMT+0100,3389.263,3382.4500000000003,0.02,0.02
22.04.2021 08:35:43.005 GMT+0100,3389.468,3383.778,0.02,0.02
22.04.2021 08:35:44.114 GMT+0100,3389.181,3382.8190000000004,0.02,0.02
22.04.2021 08:35:54.311 GMT+0100,3389.0009999999997,3383.4500000000003,0.02,0.02
22.04.2021 08:35:55.721 GMT+0100,3389.468,3382.573,0.02,0.02
22.04.2021 08:35:56.532 GMT+0100,3389.3450000000003,3383.696,0.02,0.02
22.04.2021 08:35:56.924 GMT+0100,3389.0009999999997,3382.491,0.02,0.02
22.04.2021 08:36:04.404 GMT+0100,3388.5090000000005,3382.8190000000004,0.0075,0.02
22.04.2021 08:36:04.454 GMT+0100,3388.0009999999997,3381.655,0.02,0.02
22.04.2021 08:36:15.568 GMT+0100,3388.181,3382.532,0.02,0.0075
22.04.2021 08:36:15.668 GMT+0100,3389.386,3382.696,0.02,0.02
22.04.2021 08:36:15.936 GMT+0100,3389.181,3384.491,0.02,0.0075
22.04.2021 08:36:36.866 GMT+0100,3387.3450000000003,3384.778,0.0075,0.0075
22.04.2021 08:36:36.917 GMT+0100,3387.468,3381.9990000000003,0.02,0.02
22.04.2021 08:36:46.340 GMT+0100,3385.0009999999997,3381.8190000000004,0.0075,0.0075
22.04.2021 08:36:46.390 GMT+0100,3385.263,3380.9990000000003,0.02,0.02
22.04.2021 08:36:46.440 GMT+0100,3387.0009999999997,3380.778,0.02,0.02
22.04.2021 08:36:48.036 GMT+0100,3385.427,3380.9990000000003,0.0075,0.0075
22.04.2021 08:36:48.086 GMT+0100,3385.0009999999997,3379.573,0.02,0.02
22.04.2021 08:36:48.152 GMT+0100,3386.386,3379.8190000000004,0.02,0.02
22.04.2021 08:37:05.795 GMT+0100,3385.5090000000005,3379.532,0.0075,0.02
22.04.2021 08:37:05.845 GMT+0100,3385.386,3378.655,0.02,0.02
22.04.2021 08:37:06.573 GMT+0100,3383.181,3378.8190000000004,0.0075,0.02
22.04.2021 08:37:15.620 GMT+0100,3383.427,3377.8190000000004,0.02,0.02
22.04.2021 08:37:15.670 GMT+0100,3383.468,3378.573,0.02,0.02
22.04.2021 08:37:15.892 GMT+0100,3383.386,3380.6140000000005,0.02,0.0075
22.04.2021 08:37:16.778 GMT+0100,3386.55,3379.778,0.02,0.02
22.04.2021 08:37:45.897 GMT+0100,3385.3450000000003,3379.8190000000004,0.0075,0.02
22.04.2021 08:37:45.997 GMT+0100,3385.427,3378.655,0.02,0.02
22.04.2021 08:37:46.074 GMT+0100,3385.427,3379.573,0.0075,0.0075
22.04.2021 08:37:46.125 GMT+0100,3386.5090000000005,3379.9990000000003,0.02,0.02
22.04.2021 08:37:46.175 GMT+0100,3385.181,3378.696,0.02,0.02
22.04.2021 08:37:47.617 GMT+0100,3385.263,3379.655,0.02,0.02
22.04.2021 08:38:05.470 GMT+0100,3386.181,3379.737,0.02,0.02
22.04.2021 08:38:05.748 GMT+0100,3386.222,3380.573,0.02,0.0075
22.04.2021 08:38:08.668 GMT+0100,3383.468,3376.778,0.02,0.02
22.04.2021 08:38:08.867 GMT+0100,3384.304,3376.9990000000003,0.02,0.02
22.04.2021 08:38:09.017 GMT+0100,3383.181,3376.491,0.0075,0.02
22.04.2021 08:38:09.249 GMT+0100,3383.304,3377.8190000000004,0.02,0.0075
22.04.2021 08:39:57.924 GMT+0100,3382.304,3377.532,0.01,0.01
22.04.2021 08:40:00.040 GMT+0100,3381.468,3377.8190000000004,0.0075,0.0075
22.04.2021 08:40:00.090 GMT+0100,3381.222,3375.696,0.02,0.02
22.04.2021 08:40:00.182 GMT+0100,3381.386,3374.696,0.02,0.02
22.04.2021 08:40:00.629 GMT+0100,3380.222,3374.737,0.02,0.02
22.04.2021 08:40:08.706 GMT+0100,3379.304,3372.778,0.02,0.02
22.04.2021 08:40:08.764 GMT+0100,3379.427,3373.573,0.02,0.0075
22.04.2021 08:40:08.814 GMT+0100,3380.468,3373.737,0.02,0.02
22.04.2021 08:40:13.031 GMT+0100,3379.181,3373.655,0.0075,0.02
22.04.2021 08:40:13.081 GMT+0100,3379.181,3372.737,0.02,0.02
22.04.2021 08:40:13.838 GMT+0100,3378.427,3372.778,0.02,0.02
22.04.2021 08:40:13.888 GMT+0100,3378.222,3371.8190000000004,0.02,0.02
22.04.2021 08:40:14.078 GMT+0100,3378.386,3372.655,0.02,0.0075
22.04.2021 08:40:58.024 GMT+0100,3378.468,3373.573,0.02,0.0075
22.04.2021 08:44:06.545 GMT+0100,3377.5090000000005,3373.6140000000005,0.0075,0.02
22.04.2021 08:44:14.136 GMT+0100,3376.55,3373.491,0.0075,0.02
22.04.2021 08:44:20.880 GMT+0100,3378.222,3373.4500000000003,0.02,0.02
22.04.2021 08:44:21.451 GMT+0100,3378.304,3374.532,0.02,0.0075
22.04.2021 08:45:04.402 GMT+0100,3380.222,3374.778,0.02,0.02
22.04.2021 08:45:07.076 GMT+0100,3380.0009999999997,3376.9990000000003,0.0075,0.0075
22.04.2021 08:45:07.126 GMT+0100,3382.222,3376.6140000000005,0.02,0.02
22.04.2021 08:45:08.466 GMT+0100,3382.304,3377.655,0.0075,0.0075
22.04.2021 08:45:08.517 GMT+0100,3383.5090000000005,3377.696,0.02,0.02
22.04.2021 08:45:09.351 GMT+0100,3383.304,3378.8190000000004,0.02,0.0075
22.04.2021 08:45:09.671 GMT+0100,3384.263,3378.8190000000004,0.02,0.02
22.04.2021 08:45:10.026 GMT+0100,3383.222,3378.655,0.0075,0.02
22.04.2021 08:46:01.303 GMT+0100,3382.5090000000005,3378.573,0.0075,0.0075
22.04.2021 08:46:01.353 GMT+0100,3382.386,3376.4500000000003,0.02,0.02
22.04.2021 08:46:44.152 GMT+0100,3381.0009999999997,3375.737,0.02,0.02
22.04.2021 08:46:44.425 GMT+0100,3379.5090000000005,3375.6140000000005,0.0075,0.02
22.04.2021 08:46:50.567 GMT+0100,3379.304,3376.8190000000004,0.0075,0.0075
22.04.2021 08:46:50.618 GMT+0100,3385.304,3380.573,0.02,0.02
22.04.2021 08:46:51.359 GMT+0100,3386.3450000000003,3381.8190000000004,0.02,0.0075
22.04.2021 08:46:58.744 GMT+0100,3385.468,3381.532,0.0075,0.02
22.04.2021 08:46:58.941 GMT+0100,3386.263,3381.573,0.02,0.02
22.04.2021 08:47:19.692 GMT+0100,3386.304,3380.491,0.02,0.02
22.04.2021 08:47:24.587 GMT+0100,3386.386,3381.655,0.02,0.0075
22.04.2021 08:47:26.247 GMT+0100,3385.0009999999997,3381.737,0.0075,0.02
22.04.2021 08:47:36.122 GMT+0100,3387.427,3382.655,0.02,0.02
22.04.2021 08:47:36.997 GMT+0100,3390.0009999999997,3385.491,0.02,0.0075
22.04.2021 08:47:38.114 GMT+0100,3391.55,3385.696,0.02,0.02
22.04.2021 08:47:39.148 GMT+0100,3390.263,3385.6140000000005,0.0075,0.02
22.04.2021 08:47:50.576 GMT+0100,3388.468,3385.532,0.0075,0.0075
22.04.2021 08:47:50.626 GMT+0100,3388.5090000000005,3381.655,0.02,0.02
22.04.2021 08:47:51.155 GMT+0100,3387.263,3381.4500000000003,0.02,0.02
22.04.2021 08:47:51.828 GMT+0100,3385.3450000000003,3381.491,0.02,0.02
22.04.2021 08:47:51.986 GMT+0100,3387.3450000000003,3381.655,0.02,0.02
22.04.2021 08:47:52.293 GMT+0100,3386.5090000000005,3381.532,0.02,0.02
22.04.2021 08:47:57.135 GMT+0100,3386.222,3379.4500000000003,0.02,0.02
22.04.2021 08:47:57.185 GMT+0100,3385.0009999999997,3378.6140000000005,0.02,0.02
22.04.2021 08:47:58.961 GMT+0100,3383.3450000000003,3380.655,0.0075,0.02
22.04.2021 08:48:03.424 GMT+0100,3382.263,3380.696,0.02,0.02
22.04.2021 08:48:17.896 GMT+0100,3382.304,3378.655,0.02,0.02
22.04.2021 08:48:17.947 GMT+0100,3382.386,3377.778,0.02,0.02
22.04.2021 08:48:21.556 GMT+0100,3381.427,3377.9990000000003,0.0075,0.02
22.04.2021 08:49:04.280 GMT+0100,3382.3450000000003,3377.9990000000003,0.02,0.02
22.04.2021 08:49:04.553 GMT+0100,3382.427,3379.8190000000004,0.02,0.0075
22.04.2021 08:49:09.925 GMT+0100,3386.0009999999997,3381.6140000000005,0.02,0.02
22.04.2021 08:49:10.728 GMT+0100,3385.0009999999997,3381.4500000000003,0.0075,0.02
22.04.2021 08:49:24.733 GMT+0100,3384.55,3378.6140000000005,0.02,0.02
22.04.2021 08:49:25.728 GMT+0100,3382.0009999999997,3378.4500000000003,0.0075,0.02
22.04.2021 08:50:07.001 GMT+0100,3384.0009999999997,3378.9990000000003,0.02,0.02
22.04.2021 08:50:07.052 GMT+0100,3386.55,3380.4500000000003,0.02,0.02
22.04.2021 08:50:16.985 GMT+0100,3385.0009999999997,3380.6140000000005,0.0075,0.0075
22.04.2021 08:50:17.035 GMT+0100,3385.468,3379.655,0.02,0.02
22.04.2021 08:50:27.009 GMT+0100,3384.427,3379.491,0.0075,0.02
22.04.2021 08:50:27.159 GMT+0100,3385.222,3379.696,0.02,0.02
22.04.2021 08:50:49.988 GMT+0100,3385.222,3380.737,0.02,0.0075
22.04.2021 08:50:50.038 GMT+0100,3386.5090000000005,3380.573,0.02,0.02
22.04.2021 08:50:53.008 GMT+0100,3385.55,3380.778,0.0075,0.02
22.04.2021 08:51:14.189 GMT+0100,3385.468,3382.6140000000005,0.0075,0.0075
22.04.2021 08:51:14.240 GMT+0100,3387.304,3382.737,0.02,0.02
22.04.2021 08:51:14.383 GMT+0100,3387.386,3381.4500000000003,0.02,0.02
22.04.2021 08:51:16.358 GMT+0100,3387.468,3382.778,0.02,0.0075
22.04.2021 08:51:16.689 GMT+0100,3387.181,3381.573,0.02,0.02
22.04.2021 08:51:24.320 GMT+0100,3387.427,3382.573,0.0075,0.0075
22.04.2021 08:51:24.371 GMT+0100,3388.304,3382.696,0.02,0.02
22.04.2021 08:51:24.940 GMT+0100,3388.5090000000005,3384.778,0.0075,0.0075
22.04.2021 08:51:24.991 GMT+0100,3389.3450000000003,3384.491,0.02,0.02
22.04.2021 08:51:31.581 GMT+0100,3388.222,3384.4500000000003,0.0075,0.02
22.04.2021 08:51:31.632 GMT+0100,3388.5090000000005,3382.4500000000003,0.02,0.02
22.04.2021 08:51:41.677 GMT+0100,3388.55,3383.778,0.02,0.0075
22.04.2021 08:51:41.778 GMT+0100,3389.0009999999997,3383.8190000000004,0.02,0.02
22.04.2021 08:51:53.544 GMT+0100,3388.427,3383.491,0.0075,0.0075
22.04.2021 08:51:53.594 GMT+0100,3388.5090000000005,3382.6140000000005,0.02,0.02
22.04.2021 08:52:19.736 GMT+0100,3387.0009999999997,3382.696,0.02,0.02
22.04.2021 08:52:26.925 GMT+0100,3387.427,3383.655,0.02,0.0075
22.04.2021 08:53:14.097 GMT+0100,3387.304,3382.778,0.02,0.02
22.04.2021 08:53:24.267 GMT+0100,3387.468,3381.532,0.02,0.02
22.04.2021 08:53:25.666 GMT+0100,3386.386,3381.532,0.0075,0.02
22.04.2021 08:53:51.517 GMT+0100,3387.3450000000003,3381.696,0.02,0.02
22.04.2021 08:54:03.305 GMT+0100,3386.386,3381.491,0.02,0.02
22.04.2021 08:54:03.414 GMT+0100,3386.3450000000003,3380.655,0.02,0.02
22.04.2021 08:54:24.197 GMT+0100,3384.304,3379.573,0.02,0.02
22.04.2021 08:54:25.244 GMT+0100,3385.427,3379.778,0.02,0.02
22.04.2021 08:54:31.101 GMT+0100,3385.263,3381.532,0.02,0.0075
22.04.2021 08:54:31.479 GMT+0100,3383.304,3381.6140000000005,0.02,0.02
22.04.2021 08:54:33.857 GMT+0100,3383.263,3379.737,0.02,0.02
22.04.2021 08:55:01.888 GMT+0100,3383.3450000000003,3381.9990000000003,0.0075,0.0075
22.04.2021 08:55:01.939 GMT+0100,3386.263,3381.491,0.02,0.02
22.04.2021 08:55:02.640 GMT+0100,3387.263,3381.737,0.02,0.02
22.04.2021 08:55:03.646 GMT+0100,3386.263,3381.696,0.02,0.02
22.04.2021 08:55:14.867 GMT+0100,3387.222,3381.9990000000003,0.02,0.02
22.04.2021 08:55:21.973 GMT+0100,3386.181,3381.573,0.0075,0.02
22.04.2021 08:56:03.369 GMT+0100,3386.427,3382.8190000000004,0.0075,0.0075
22.04.2021 08:56:03.419 GMT+0100,3387.3450000000003,3382.491,0.02,0.02
22.04.2021 08:56:24.375 GMT+0100,3387.263,3381.532,0.02,0.02
22.04.2021 08:56:54.641 GMT+0100,3387.304,3382.573,0.02,0.0075
22.04.2021 08:57:34.042 GMT+0100,3386.5090000000005,3382.696,0.0075,0.0075
22.04.2021 08:57:34.093 GMT+0100,3386.222,3381.6140000000005,0.02,0.02
22.04.2021 08:57:38.829 GMT+0100,3387.304,3381.696,0.02,0.02
22.04.2021 08:57:38.879 GMT+0100,3387.222,3382.532,0.02,0.02
22.04.2021 08:58:30.766 GMT+0100,3386.468,3382.655,0.0075,0.0075
22.04.2021 08:58:30.816 GMT+0100,3386.222,3381.696,0.02,0.02
22.04.2021 08:58:36.532 GMT+0100,3385.427,3381.655,0.0075,0.02
22.04.2021 08:58:49.395 GMT+0100,3387.427,3382.9990000000003,0.02,0.02
22.04.2021 08:59:09.967 GMT+0100,3386.263,3382.4500000000003,0.0075,0.0075
22.04.2021 08:59:10.017 GMT+0100,3386.304,3381.655,0.02,0.02
22.04.2021 08:59:10.517 GMT+0100,3386.386,3382.655,0.02,0.0075
22.04.2021 08:59:23.256 GMT+0100,3384.263,3379.4500000000003,0.02,0.02
22.04.2021 08:59:29.387 GMT+0100,3383.468,3379.655,0.0075,0.0075
22.04.2021 08:59:29.437 GMT+0100,3383.55,3378.573,0.02,0.02
22.04.2021 08:59:41.468 GMT+0100,3382.304,3378.8190000000004,0.0075,0.02
22.04.2021 09:00:05.650 GMT+0100,3381.5090000000005,3378.655,0.0075,0.0075
22.04.2021 09:00:05.700 GMT+0100,3381.386,3377.491,0.02,0.02
22.04.2021 09:00:06.821 GMT+0100,3380.427,3377.696,0.0075,0.02
22.04.2021 09:00:52.634 GMT+0100,3382.181,3377.491,0.02,0.02
22.04.2021 09:00:52.810 GMT+0100,3382.468,3378.9990000000003,0.0075,0.0075
22.04.2021 09:00:52.860 GMT+0100,3383.3450000000003,3377.778,0.02,0.02
22.04.2021 09:00:52.996 GMT+0100,3383.468,3378.573,0.02,0.02
22.04.2021 09:00:53.046 GMT+0100,3383.427,3377.737,0.02,0.02
22.04.2021 09:00:53.097 GMT+0100,3383.55,3378.4500000000003,0.02,0.02
22.04.2021 09:00:53.248 GMT+0100,3385.222,3380.8190000000004,0.02,0.02
22.04.2021 09:00:53.479 GMT+0100,3385.427,3379.8190000000004,0.02,0.02
22.04.2021 09:00:53.556 GMT+0100,3385.263,3380.9990000000003,0.02,0.0075
22.04.2021 09:00:59.719 GMT+0100,3385.427,3379.9990000000003,0.02,0.02
22.04.2021 09:01:07.396 GMT+0100,3385.304,3380.737,0.02,0.02
22.04.2021 09:01:13.733 GMT+0100,3383.3450000000003,3379.737,0.02,0.02
22.04.2021 09:01:15.328 GMT+0100,3383.3450000000003,3380.655,0.02,0.02
22.04.2021 09:01:15.378 GMT+0100,3385.468,3380.9990000000003,0.02,0.02
22.04.2021 09:01:18.621 GMT+0100,3384.386,3380.6140000000005,0.0075,0.0075
22.04.2021 09:01:18.672 GMT+0100,3383.263,3378.573,0.02,0.02
22.04.2021 09:01:19.933 GMT+0100,3383.0009999999997,3379.4500000000003,0.02,0.0075
22.04.2021 09:01:42.995 GMT+0100,3382.468,3379.696,0.0075,0.02
22.04.2021 09:01:43.045 GMT+0100,3382.427,3377.6140000000005,0.02,0.02
22.04.2021 09:01:43.474 GMT+0100,3383.5090000000005,3377.573,0.02,0.02
22.04.2021 09:02:44.548 GMT+0100,3383.263,3378.778,0.01,0.01
22.04.2021 09:02:49.603 GMT+0100,3384.263,3378.6140000000005,0.02,0.02
22.04.2021 09:02:49.653 GMT+0100,3384.181,3379.573,0.02,0.02
22.04.2021 09:03:24.935 GMT+0100,3384.0009999999997,3378.6140000000005,0.02,0.02
22.04.2021 09:03:35.565 GMT+0100,3384.55,3379.6140000000005,0.02,0.0075
22.04.2021 09:03:51.812 GMT+0100,3383.222,3378.778,0.02,0.02
22.04.2021 09:04:06.336 GMT+0100,3382.0009999999997,3378.8190000000004,0.0075,0.02
22.04.2021 09:05:00.255 GMT+0100,3382.0009999999997,3377.573,0.02,0.02
22.04.2021 09:05:05.168 GMT+0100,3380.263,3377.6140000000005,0.0075,0.0075
22.04.2021 09:05:05.218 GMT+0100,3381.427,3376.532,0.02,0.02
22.04.2021 09:05:05.268 GMT+0100,3379.263,3375.6140000000005,0.02,0.02
22.04.2021 09:05:09.220 GMT+0100,3379.55,3374.778,0.02,0.02
22.04.2021 09:05:13.888 GMT+0100,3379.55,3375.4500000000003,0.02,0.0075
22.04.2021 09:05:14.924 GMT+0100,3378.468,3376.778,0.02,0.0075
22.04.2021 09:05:15.024 GMT+0100,3378.263,3374.8190000000004,0.02,0.02
22.04.2021 09:05:26.999 GMT+0100,3377.3450000000003,3374.778,0.0075,0.0075
22.04.2021 09:05:27.049 GMT+0100,3377.427,3373.655,0.02,0.02
22.04.2021 09:05:27.100 GMT+0100,3379.304,3373.737,0.02,0.02
22.04.2021 09:05:27.182 GMT+0100,3379.304,3374.778,0.02,0.0075
22.04.2021 09:05:27.776 GMT+0100,3378.427,3374.491,0.0075,0.02
22.04.2021 09:05:28.500 GMT+0100,3377.263,3374.573,0.0075,0.0075
22.04.2021 09:05:28.550 GMT+0100,3377.468,3373.491,0.02,0.02
22.04.2021 09:05:28.918 GMT+0100,3377.386,3374.6140000000005,0.02,0.02
22.04.2021 09:06:23.964 GMT+0100,3376.222,3374.8190000000004,0.02,0.02
22.04.2021 09:06:24.015 GMT+0100,3376.263,3371.9990000000003,0.02,0.02
22.04.2021 09:06:24.136 GMT+0100,3376.304,3373.9990000000003,0.02,0.02
22.04.2021 09:06:40.588 GMT+0100,3375.427,3373.737,0.0075,0.02
22.04.2021 09:07:34.093 GMT+0100,3378.304,3373.778,0.02,0.02
22.04.2021 09:07:34.157 GMT+0100,3378.468,3374.737,0.02,0.02
22.04.2021 09:07:36.869 GMT+0100,3377.263,3374.655,0.02,0.02
22.04.2021 09:07:36.970 GMT+0100,3376.386,3372.696,0.02,0.02
22.04.2021 09:07:37.740 GMT+0100,3376.468,3373.532,0.02,0.0075
22.04.2021 09:07:39.175 GMT+0100,3376.55,3372.737,0.02,0.02
22.04.2021 09:07:40.362 GMT+0100,3375.427,3372.6140000000005,0.0075,0.02
22.04.2021 09:07:58.760 GMT+0100,3374.5090000000005,3372.8190000000004,0.0075,0.0075
22.04.2021 09:07:58.811 GMT+0100,3374.386,3371.573,0.02,0.02
22.04.2021 09:07:58.917 GMT+0100,3375.304,3371.4500000000003,0.02,0.02
22.04.2021 09:08:27.582 GMT+0100,3375.427,3372.573,0.02,0.0075
22.04.2021 09:08:27.632 GMT+0100,3375.386,3371.696,0.02,0.02
22.04.2021 09:08:54.819 GMT+0100,3377.427,3372.9990000000003,0.02,0.02
22.04.2021 09:08:54.869 GMT+0100,3376.181,3373.491,0.02,0.02
22.04.2021 09:08:55.247 GMT+0100,3376.263,3374.573,0.0075,0.0075
22.04.2021 09:08:55.297 GMT+0100,3378.3450000000003,3373.737,0.02,0.02
22.04.2021 09:08:55.377 GMT+0100,3378.0009999999997,3374.655,0.02,0.02
22.04.2021 09:08:55.569 GMT+0100,3377.386,3374.573,0.02,0.02
22.04.2021 09:08:55.783 GMT+0100,3378.55,3374.737,0.02,0.02
22.04.2021 09:08:56.930 GMT+0100,3377.386,3374.696,0.02,0.02
22.04.2021 09:08:57.043 GMT+0100,3378.181,3374.4500000000003,0.02,0.02
22.04.2021 09:09:06.948 GMT+0100,3376.0009999999997,3374.532,0.0075,0.0075
22.04.2021 09:09:06.998 GMT+0100,3376.0009999999997,3373.4500000000003,0.02,0.02
22.04.2021 09:09:46.565 GMT+0100,3376.3450000000003,3374.6140000000005,0.0075,0.0075
22.04.2021 09:09:46.615 GMT+0100,3378.5090000000005,3375.532,0.02,0.02
22.04.2021 09:09:46.845 GMT+0100,3378.55,3374.9990000000003,0.02,0.02
22.04.2021 09:09:47.055 GMT+0100,3378.304,3375.4500000000003,0.02,0.0075
22.04.2021 09:10:05.983 GMT+0100,3378.5090000000005,3374.778,0.02,0.02
22.04.2021 09:10:19.648 GMT+0100,3377.181,3374.532,0.0075,0.0075
22.04.2021 09:10:19.749 GMT+0100,3376.181,3373.655,0.02,0.02
22.04.2021 09:10:20.440 GMT+0100,3377.55,3373.778,0.02,0.02
22.04.2021 09:10:22.059 GMT+0100,3376.304,3373.6140000000005,0.0075,0.02
22.04.2021 09:10:27.629 GMT+0100,3376.304,3374.573,0.0075,0.0075
22.04.2021 09:10:27.679 GMT+0100,3378.0009999999997,3375.532,0.02,0.02
22.04.2021 09:10:27.987 GMT+0100,3378.386,3374.573,0.02,0.02
22.04.2021 09:11:20.681 GMT+0100,3378.263,3373.655,0.02,0.02
22.04.2021 09:11:21.144 GMT+0100,3377.427,3373.696,0.0075,0.02
22.04.2021 09:11:33.371 GMT+0100,3377.181,3375.532,0.02,0.02
22.04.2021 09:12:50.604 GMT+0100,3376.3450000000003,3373.778,0.02,0.02
22.04.2021 09:12:50.823 GMT+0100,3376.5090000000005,3374.6140000000005,0.02,0.0075
22.04.2021 09:13:01.705 GMT+0100,3376.0009999999997,3375.6140000000005,0.0075,0.0075
22.04.2021 09:13:01.756 GMT+0100,3377.0009999999997,3375.573,0.02,0.02
22.04.2021 09:13:02.764 GMT+0100,3377.222,3374.532,0.02,0.02
22.04.2021 09:13:17.576 GMT+0100,3376.55,3374.9990000000003,0.0075,0.0075
22.04.2021 09:13:17.626 GMT+0100,3376.55,3373.532,0.02,0.02
22.04.2021 09:13:18.115 GMT+0100,3377.304,3373.8190000000004,0.02,0.02
22.04.2021 09:14:33.833 GMT+0100,3377.3450000000003,3374.778,0.02,0.02
22.04.2021 09:14:41.387 GMT+0100,3379.55,3375.8190000000004,0.02,0.02
22.04.2021 09:14:41.652 GMT+0100,3379.304,3376.491,0.02,0.0075
22.04.2021 09:14:41.828 GMT+0100,3379.3450000000003,3375.9990000000003,0.02,0.02
22.04.2021 09:15:05.532 GMT+0100,3379.5090000000005,3376.4500000000003,0.02,0.0075
22.04.2021 09:16:34.055 GMT+0100,3377.181,3374.532,0.02,0.02
22.04.2021 09:16:34.532 GMT+0100,3376.55,3374.4500000000003,0.0075,0.02
22.04.2021 09:16:34.634 GMT+0100,3376.304,3371.4500000000003,0.02,0.02
22.04.2021 09:16:34.783 GMT+0100,3376.3450000000003,3370.4500000000003,0.02,0.02
22.04.2021 09:16:34.833 GMT+0100,3376.0009999999997,3371.491,0.02,0.02
22.04.2021 09:16:35.022 GMT+0100,3376.386,3372.9990000000003,0.02,0.0075
22.04.2021 09:16:37.941 GMT+0100,3375.222,3372.4500000000003,0.02,0.02
22.04.2021 09:17:22.928 GMT+0100,3374.386,3372.9990000000003,0.02,0.02
22.04.2021 09:17:23.040 GMT+0100,3375.386,3372.573,0.02,0.02
22.04.2021 09:17:26.140 GMT+0100,3375.304,3373.491,0.02,0.0075
22.04.2021 09:17:35.597 GMT+0100,3377.0009999999997,3373.778,0.02,0.02
22.04.2021 09:17:38.474 GMT+0100,3376.263,3373.696,0.0075,0.02
22.04.2021 09:18:03.361 GMT+0100,3374.468,3373.4500000000003,0.0075,0.0075
22.04.2021 09:18:03.411 GMT+0100,3373.0009999999997,3369.9990000000003,0.02,0.02
22.04.2021 09:19:40.318 GMT+0100,3373.0009999999997,3371.737,0.0075,0.0075
22.04.2021 09:19:40.369 GMT+0100,3376.55,3371.9990000000003,0.02,0.02
22.04.2021 09:19:40.470 GMT+0100,3376.304,3372.491,0.02,0.02
22.04.2021 09:20:10.825 GMT+0100,3375.0009999999997,3372.737,0.02,0.02
22.04.2021 09:20:10.875 GMT+0100,3374.222,3370.6140000000005,0.02,0.02
22.04.2021 09:20:11.041 GMT+0100,3373.5090000000005,3370.696,0.0075,0.02
22.04.2021 09:21:18.489 GMT+0100,3372.263,3370.778,0.02,0.02
22.04.2021 09:21:18.882 GMT+0100,3373.181,3370.6140000000005,0.02,0.02
22.04.2021 09:21:19.824 GMT+0100,3373.263,3369.6140000000005,0.02,0.02
22.04.2021 09:21:19.925 GMT+0100,3373.263,3370.778,0.02,0.0075
22.04.2021 09:21:27.325 GMT+0100,3373.55,3371.6140000000005,0.0075,0.0075
22.04.2021 09:21:27.375 GMT+0100,3376.263,3371.573,0.02,0.02
22.04.2021 09:21:27.426 GMT+0100,3375.304,3372.655,0.02,0.02
22.04.2021 09:21:27.476 GMT+0100,3376.304,3372.696,0.02,0.02
22.04.2021 09:21:28.792 GMT+0100,3375.181,3372.491,0.02,0.02
22.04.2021 09:21:49.129 GMT+0100,3374.263,3372.9990000000003,0.0075,0.02
22.04.2021 09:21:54.696 GMT+0100,3374.222,3370.6140000000005,0.02,0.02
22.04.2021 09:21:54.747 GMT+0100,3373.222,3370.8190000000004,0.02,0.02
22.04.2021 09:21:54.951 GMT+0100,3373.0009999999997,3368.573,0.02,0.02
22.04.2021 09:21:55.669 GMT+0100,3373.468,3369.6140000000005,0.02,0.0075
22.04.2021 09:21:59.314 GMT+0100,3373.386,3370.696,0.02,0.02
22.04.2021 09:23:14.910 GMT+0100,3373.5090000000005,3371.9990000000003,0.0075,0.0075
22.04.2021 09:23:14.960 GMT+0100,3375.427,3371.491,0.02,0.02
22.04.2021 09:23:15.010 GMT+0100,3375.386,3372.8190000000004,0.02,0.02
22.04.2021 09:23:33.221 GMT+0100,3374.263,3372.737,0.02,0.02
22.04.2021 09:23:34.086 GMT+0100,3374.304,3370.6140000000005,0.02,0.02
22.04.2021 09:23:36.188 GMT+0100,3374.468,3372.655,0.02,0.02
22.04.2021 09:24:14.077 GMT+0100,3374.5,3373.778,0.0075,0.0075
22.04.2021 09:24:14.128 GMT+0100,3377.427,3373.9990000000003,0.02,0.02
22.04.2021 09:24:14.228 GMT+0100,3377.0009999999997,3372.8190000000004,0.02,0.02
22.04.2021 09:24:14.278 GMT+0100,3377.181,3373.532,0.02,0.02
22.04.2021 09:24:14.546 GMT+0100,3376.181,3372.6140000000005,0.02,0.02
22.04.2021 09:24:16.248 GMT+0100,3375.181,3372.491,0.0075,0.02
22.04.2021 09:25:09.962 GMT+0100,3374.55,3370.4500000000003,0.02,0.02
22.04.2021 09:25:20.638 GMT+0100,3373.304,3369.573,0.02,0.02
22.04.2021 09:25:27.233 GMT+0100,3372.386,3369.6140000000005,0.0075,0.0075
22.04.2021 09:25:27.284 GMT+0100,3372.5090000000005,3368.6140000000005,0.02,0.02
22.04.2021 09:25:27.434 GMT+0100,3372.263,3369.696,0.02,0.02
22.04.2021 09:25:31.058 GMT+0100,3371.181,3366.4500000000003,0.02,0.02
22.04.2021 09:25:31.262 GMT+0100,3370.222,3366.573,0.0075,0.02
22.04.2021 09:25:31.363 GMT+0100,3370.5090000000005,3368.655,0.02,0.02
22.04.2021 09:25:35.661 GMT+0100,3372.468,3368.491,0.02,0.02
22.04.2021 09:25:37.009 GMT+0100,3371.5090000000005,3368.6140000000005,0.02,0.02
22.04.2021 09:26:10.461 GMT+0100,3371.0009999999997,3369.491,0.0075,0.0075
22.04.2021 09:26:10.511 GMT+0100,3373.5090000000005,3369.532,0.02,0.02
22.04.2021 09:26:10.561 GMT+0100,3372.55,3370.4500000000003,0.02,0.02
22.04.2021 09:26:10.673 GMT+0100,3375.386,3371.696,0.02,0.02
22.04.2021 09:26:11.218 GMT+0100,3375.0009999999997,3370.6140000000005,0.02,0.02
22.04.2021 09:26:12.639 GMT+0100,3374.468,3370.573,0.0075,0.02
22.04.2021 09:26:12.790 GMT+0100,3375.5090000000005,3371.6140000000005,0.02,0.02
22.04.2021 09:26:14.570 GMT+0100,3374.222,3371.696,0.0075,0.02
22.04.2021 09:26:14.621 GMT+0100,3375.181,3371.9990000000003,0.02,0.02
22.04.2021 09:26:16.856 GMT+0100,3373.0009999999997,3371.573,0.0075,0.0075
22.04.2021 09:26:16.906 GMT+0100,3374.222,3370.737,0.02,0.02
22.04.2021 09:26:18.606 GMT+0100,3374.5090000000005,3371.9990000000003,0.0075,0.0075
22.04.2021 09:26:18.657 GMT+0100,3375.386,3371.491,0.02,0.02
22.04.2021 09:26:18.757 GMT+0100,3375.181,3370.491,0.02,0.02
22.04.2021 09:26:22.013 GMT+0100,3375.222,3371.532,0.02,0.02
22.04.2021 09:26:22.064 GMT+0100,3375.304,3370.491,0.02,0.02
22.04.2021 09:26:22.560 GMT+0100,3375.222,3372.778,0.02,0.0075
22.04.2021 09:26:22.662 GMT+0100,3375.222,3371.491,0.02,0.02
22.04.2021 09:26:51.748 GMT+0100,3372.3450000000003,3371.4500000000003,0.0075,0.0075
22.04.2021 09:26:51.799 GMT+0100,3373.304,3368.9990000000003,0.02,0.02
22.04.2021 09:26:51.980 GMT+0100,3372.3450000000003,3368.491,0.0075,0.02
22.04.2021 09:26:52.328 GMT+0100,3372.304,3369.696,0.0075,0.02
22.04.2021 09:27:42.181 GMT+0100,3375.427,3371.778,0.02,0.02
22.04.2021 09:27:42.281 GMT+0100,3375.427,3372.9990000000003,0.02,0.02
22.04.2021 09:27:54.032 GMT+0100,3375.55,3373.6140000000005,0.0075,0.0075
22.04.2021 09:27:54.082 GMT+0100,3378.386,3374.737,0.02,0.02
22.04.2021 09:27:55.756 GMT+0100,3377.304,3372.4500000000003,0.0075,0.02
22.04.2021 09:27:57.062 GMT+0100,3377.5090000000005,3374.778,0.02,0.0075
22.04.2021 09:28:36.062 GMT+0100,3377.181,3375.655,0.02,0.02
22.04.2021 09:28:36.163 GMT+0100,3377.386,3373.573,0.02,0.02
22.04.2021 09:28:36.213 GMT+0100,3377.0009999999997,3375.655,0.02,0.02
22.04.2021 09:28:37.279 GMT+0100,3379.263,3375.573,0.02,0.02
22.04.2021 09:28:38.042 GMT+0100,3377.304,3375.737,0.0075,0.02
22.04.2021 09:28:39.622 GMT+0100,3377.55,3373.9990000000003,0.02,0.02
22.04.2021 09:29:16.561 GMT+0100,3376.304,3373.573,0.0075,0.0075
22.04.2021 09:29:16.611 GMT+0100,3376.222,3372.737,0.02,0.02
22.04.2021 09:30:20.295 GMT+0100,3376.55,3373.9990000000003,0.02,0.02
22.04.2021 09:30:20.684 GMT+0100,3376.181,3374.4500000000003,0.02,0.0075
22.04.2021 09:30:48.799 GMT+0100,3376.304,3371.8190000000004,0.02,0.02
22.04.2021 09:30:48.849 GMT+0100,3375.222,3371.491,0.02,0.02
22.04.2021 09:30:49.694 GMT+0100,3375.304,3373.6140000000005,0.02,0.02
22.04.2021 09:30:51.234 GMT+0100,3377.3450000000003,3373.737,0.02,0.02
22.04.2021 09:31:24.692 GMT+0100,3377.5090000000005,3374.532,0.02,0.02
22.04.2021 09:31:25.686 GMT+0100,3377.55,3373.696,0.02,0.02
22.04.2021 09:31:30.771 GMT+0100,3377.263,3374.8190000000004,0.02,0.0075
22.04.2021 09:31:31.821 GMT+0100,3375.386,3374.6140000000005,0.0075,0.0075
22.04.2021 09:31:31.872 GMT+0100,3376.3450000000003,3371.778,0.02,0.02
22.04.2021 09:31:33.267 GMT+0100,3376.3450000000003,3373.532,0.0075,0.0075
22.04.2021 09:31:33.317 GMT+0100,3377.3450000000003,3373.655,0.02,0.02
22.04.2021 09:31:33.523 GMT+0100,3378.5090000000005,3373.491,0.02,0.02
22.04.2021 09:31:33.624 GMT+0100,3379.5090000000005,3376.9990000000003,0.02,0.02
22.04.2021 09:31:33.674 GMT+0100,3380.55,3376.491,0.02,0.02
22.04.2021 09:31:33.728 GMT+0100,3380.427,3377.4500000000003,0.0075,0.0075
22.04.2021 09:31:33.779 GMT+0100,3381.386,3377.532,0.02,0.02
22.04.2021 09:31:36.623 GMT+0100,3381.427,3376.6140000000005,0.02,0.02
22.04.2021 09:31:42.341 GMT+0100,3382.55,3376.4500000000003,0.02,0.02
22.04.2021 09:31:43.178 GMT+0100,3381.304,3376.9990000000003,0.0075,0.02
22.04.2021 09:31:55.944 GMT+0100,3382.0009999999997,3377.655,0.02,0.02
22.04.2021 09:32:03.367 GMT+0100,3382.468,3376.737,0.02,0.02
22.04.2021 09:32:14.332 GMT+0100,3381.427,3376.696,0.0075,0.02
22.04.2021 09:32:15.125 GMT+0100,3381.304,3377.696,0.02,0.0075
22.04.2021 09:34:35.109 GMT+0100,3380.427,3377.655,0.0075,0.02
22.04.2021 09:34:35.509 GMT+0100,3381.263,3377.655,0.02,0.02
22.04.2021 09:34:43.115 GMT+0100,3380.55,3377.491,0.02,0.02
22.04.2021 09:35:06.144 GMT+0100,3380.263,3376.532,0.02,0.02
22.04.2021 09:35:30.329 GMT+0100,3380.468,3377.4500000000003,0.02,0.0075
22.04.2021 09:36:01.063 GMT+0100,3378.55,3377.8190000000004,0.0075,0.0075
22.04.2021 09:36:01.114 GMT+0100,3379.304,3376.8190000000004,0.02,0.02
22.04.2021 09:36:02.792 GMT+0100,3378.263,3376.9990000000003,0.02,0.02
22.04.2021 09:37:05.068 GMT+0100,3378.5090000000005,3374.737,0.02,0.02
22.04.2021 09:37:05.233 GMT+0100,3377.427,3374.491,0.0075,0.02
22.04.2021 09:37:34.299 GMT+0100,3376.181,3374.778,0.0075,0.0075
22.04.2021 09:37:34.350 GMT+0100,3375.468,3370.778,0.02,0.02
22.04.2021 09:37:34.558 GMT+0100,3374.0009999999997,3370.737,0.0075,0.02
22.04.2021 09:37:35.134 GMT+0100,3374.3450000000003,3371.778,0.02,0.0075
22.04.2021 09:37:36.943 GMT+0100,3374.468,3370.8190000000004,0.02,0.02
22.04.2021 09:37:36.994 GMT+0100,3374.0009999999997,3369.491,0.02,0.02
22.04.2021 09:37:37.307 GMT+0100,3374.304,3370.491,0.02,0.02
22.04.2021 09:37:44.386 GMT+0100,3374.3450000000003,3369.9990000000003,0.02,0.02
22.04.2021 09:37:44.437 GMT+0100,3373.5090000000005,3368.737,0.02,0.02
22.04.2021 09:37:44.819 GMT+0100,3372.55,3368.573,0.0075,0.02
22.04.2021 09:37:56.598 GMT+0100,3372.468,3367.655,0.02,0.02
22.04.2021 09:38:25.299 GMT+0100,3371.55,3367.4500000000003,0.0075,0.0075
22.04.2021 09:38:25.350 GMT+0100,3372.222,3366.778,0.02,0.02
22.04.2021 09:38:25.536 GMT+0100,3372.55,3368.8190000000004,0.02,0.0075
22.04.2021 09:38:25.640 GMT+0100,3371.263,3368.696,0.02,0.02
22.04.2021 09:38:33.286 GMT+0100,3370.386,3366.737,0.02,0.02
22.04.2021 09:38:43.229 GMT+0100,3370.222,3365.737,0.02,0.02
22.04.2021 09:38:50.199 GMT+0100,3370.263,3366.9990000000003,0.02,0.0075
22.04.2021 09:38:55.468 GMT+0100,3370.386,3365.655,0.02,0.02
22.04.2021 09:39:00.924 GMT+0100,3368.181,3365.9990000000003,0.0075,0.0075
22.04.2021 09:39:00.975 GMT+0100,3368.55,3364.573,0.02,0.02
22.04.2021 09:39:01.328 GMT+0100,3368.304,3366.8190000000004,0.02,0.0075
22.04.2021 09:39:21.001 GMT+0100,3368.3450000000003,3363.532,0.02,0.02
22.04.2021 09:39:21.161 GMT+0100,3368.181,3364.532,0.0075,0.0075
22.04.2021 09:39:21.211 GMT+0100,3369.55,3364.8190000000004,0.02,0.02
22.04.2021 09:39:21.496 GMT+0100,3368.222,3365.491,0.0075,0.0075
22.04.2021 09:39:21.597 GMT+0100,3368.181,3364.9990000000003,0.02,0.02
22.04.2021 09:39:24.068 GMT+0100,3368.3450000000003,3365.696,0.02,0.0075
22.04.2021 09:39:28.844 GMT+0100,3368.55,3363.737,0.02,0.02
22.04.2021 09:39:28.949 GMT+0100,3368.304,3365.4500000000003,0.0075,0.0075
22.04.2021 09:39:28.999 GMT+0100,3369.304,3365.778,0.02,0.02
22.04.2021 09:39:29.050 GMT+0100,3369.181,3364.4500000000003,0.02,0.02
22.04.2021 09:39:29.664 GMT+0100,3369.3450000000003,3365.573,0.02,0.02
22.04.2021 09:39:39.482 GMT+0100,3368.386,3365.6140000000005,0.02,0.02
22.04.2021 09:39:40.802 GMT+0100,3369.468,3364.737,0.02,0.02
22.04.2021 09:39:40.853 GMT+0100,3369.222,3366.6140000000005,0.02,0.02
22.04.2021 09:39:41.072 GMT+0100,3369.55,3364.573,0.02,0.02
22.04.2021 09:39:41.660 GMT+0100,3369.3450000000003,3365.655,0.02,0.02
22.04.2021 09:39:42.649 GMT+0100,3369.468,3364.6140000000005,0.02,0.02
22.04.2021 09:40:03.525 GMT+0100,3369.386,3365.573,0.02,0.02
22.04.2021 09:40:15.098 GMT+0100,3369.304,3364.573,0.02,0.02
22.04.2021 09:40:24.536 GMT+0100,3369.0009999999997,3365.778,0.02,0.02
22.04.2021 09:42:04.570 GMT+0100,3369.468,3368.696,0.0075,0.0075
22.04.2021 09:42:04.620 GMT+0100,3372.181,3370.532,0.02,0.02
22.04.2021 09:42:04.671 GMT+0100,3374.55,3370.6140000000005,0.02,0.02
22.04.2021 09:42:04.721 GMT+0100,3375.263,3371.491,0.02,0.02
22.04.2021 09:42:04.771 GMT+0100,3376.181,3371.655,0.02,0.02
22.04.2021 09:42:04.822 GMT+0100,3376.5090000000005,3370.532,0.02,0.02
22.04.2021 09:42:04.883 GMT+0100,3375.222,3370.4500000000003,0.02,0.02
22.04.2021 09:42:05.137 GMT+0100,3374.263,3370.532,0.0075,0.02
22.04.2021 09:42:05.816 GMT+0100,3373.222,3370.491,0.0075,0.02
22.04.2021 09:42:08.737 GMT+0100,3373.468,3368.573,0.02,0.02
22.04.2021 09:42:09.067 GMT+0100,3373.468,3369.573,0.02,0.0075
22.04.2021 09:42:13.869 GMT+0100,3372.468,3369.6140000000005,0.0075,0.0075
22.04.2021 09:42:13.920 GMT+0100,3372.427,3367.696,0.02,0.02
22.04.2021 09:42:15.061 GMT+0100,3370.386,3366.696,0.02,0.02
22.04.2021 09:42:21.161 GMT+0100,3372.468,3368.778,0.02,0.02
22.04.2021 09:42:21.267 GMT+0100,3370.5090000000005,3368.8190000000004,0.02,0.02
22.04.2021 09:43:01.524 GMT+0100,3373.55,3369.491,0.02,0.02
22.04.2021 09:43:01.580 GMT+0100,3372.0009999999997,3369.778,0.02,0.02
22.04.2021 09:43:01.682 GMT+0100,3373.181,3368.8190000000004,0.02,0.02
22.04.2021 09:43:05.796 GMT+0100,3372.55,3368.737,0.0075,0.02
22.04.2021 09:43:06.700 GMT+0100,3373.304,3368.9990000000003,0.02,0.02
22.04.2021 09:44:01.687 GMT+0100,3373.304,3369.6140000000005,0.0075,0.0075
22.04.2021 09:44:01.737 GMT+0100,3374.304,3369.573,0.02,0.02
22.04.2021 09:44:05.836 GMT+0100,3373.468,3369.8190000000004,0.0075,0.0075
22.04.2021 09:44:05.887 GMT+0100,3373.55,3368.491,0.02,0.02
22.04.2021 09:44:15.922 GMT+0100,3373.427,3370.6140000000005,0.02,0.0075
22.04.2021 09:44:16.022 GMT+0100,3374.3450000000003,3370.9990000000003,0.02,0.02
22.04.2021 09:44:17.156 GMT+0100,3374.0009999999997,3371.532,0.02,0.0075
22.04.2021 09:45:11.067 GMT+0100,3374.468,3372.4500000000003,0.0075,0.0075
22.04.2021 09:45:11.117 GMT+0100,3376.3450000000003,3372.491,0.02,0.02
22.04.2021 09:45:15.414 GMT+0100,3378.0009999999997,3373.696,0.02,0.02
22.04.2021 09:45:15.464 GMT+0100,3378.304,3374.8190000000004,0.02,0.02
22.04.2021 09:45:15.514 GMT+0100,3378.263,3373.491,0.02,0.02
22.04.2021 09:45:15.565 GMT+0100,3379.222,3375.532,0.02,0.02
22.04.2021 09:45:15.718 GMT+0100,3380.181,3375.778,0.02,0.02
22.04.2021 09:45:15.957 GMT+0100,3379.181,3375.737,0.0075,0.02
22.04.2021 09:45:16.118 GMT+0100,3380.222,3375.532,0.02,0.02
22.04.2021 09:45:16.400 GMT+0100,3379.55,3375.6140000000005,0.0075,0.02
22.04.2021 09:45:21.284 GMT+0100,3380.3450000000003,3375.737,0.02,0.02
22.04.2021 09:45:22.263 GMT+0100,3379.468,3375.9990000000003,0.0075,0.02
22.04.2021 09:45:24.315 GMT+0100,3378.5090000000005,3375.778,0.0075,0.02
22.04.2021 09:45:35.935 GMT+0100,3377.0009999999997,3372.491,0.02,0.02
22.04.2021 09:45:35.985 GMT+0100,3376.181,3372.696,0.02,0.02
22.04.2021 09:45:36.036 GMT+0100,3376.3450000000003,3371.778,0.02,0.02
22.04.2021 09:45:36.236 GMT+0100,3375.0009999999997,3369.737,0.02,0.02
22.04.2021 09:45:36.387 GMT+0100,3375.263,3371.573,0.02,0.02
22.04.2021 09:45:37.736 GMT+0100,3374.304,3371.491,0.0075,0.02
22.04.2021 09:45:59.977 GMT+0100,3374.304,3369.532,0.02,0.02
22.04.2021 09:46:00.027 GMT+0100,3373.386,3369.696,0.02,0.02
22.04.2021 09:46:00.129 GMT+0100,3374.386,3369.696,0.02,0.02
22.04.2021 09:46:00.235 GMT+0100,3374.304,3370.4500000000003,0.02,0.02
22.04.2021 09:46:00.345 GMT+0100,3374.468,3371.8190000000004,0.02,0.02
22.04.2021 09:46:03.838 GMT+0100,3374.386,3372.6140000000005,0.02,0.02
22.04.2021 09:46:27.702 GMT+0100,3375.222,3372.4500000000003,0.02,0.02
22.04.2021 09:46:27.810 GMT+0100,3376.304,3372.8190000000004,0.02,0.02
22.04.2021 09:46:55.458 GMT+0100,3374.0009999999997,3372.8190000000004,0.02,0.02
22.04.2021 09:46:59.058 GMT+0100,3374.304,3370.4500000000003,0.02,0.02
22.04.2021 09:47:02.894 GMT+0100,3376.181,3371.8190000000004,0.02,0.02
22.04.2021 09:47:05.759 GMT+0100,3376.3450000000003,3373.737,0.0075,0.0075
22.04.2021 09:47:05.809 GMT+0100,3378.3450000000003,3373.491,0.02,0.02
22.04.2021 09:47:06.052 GMT+0100,3378.222,3374.532,0.0075,0.0075
22.04.2021 09:47:06.103 GMT+0100,3379.427,3374.532,0.02,0.02
22.04.2021 09:47:06.503 GMT+0100,3379.468,3375.696,0.02,0.0075
22.04.2021 09:47:08.309 GMT+0100,3379.427,3376.8190000000004,0.02,0.0075
22.04.2021 09:47:08.410 GMT+0100,3380.3450000000003,3376.573,0.02,0.02
22.04.2021 09:47:09.990 GMT+0100,3381.468,3376.737,0.02,0.02
22.04.2021 09:47:10.383 GMT+0100,3380.5090000000005,3376.8190000000004,0.0075,0.02
22.04.2021 09:47:10.957 GMT+0100,3380.0009999999997,3377.696,0.02,0.02
22.04.2021 09:47:38.630 GMT+0100,3381.386,3377.737,0.02,0.02
22.04.2021 09:47:39.390 GMT+0100,3380.55,3377.573,0.0075,0.02
22.04.2021 09:47:55.084 GMT+0100,3379.222,3377.4500000000003,0.02,0.02
22.04.2021 09:48:02.323 GMT+0100,3379.5090000000005,3375.491,0.02,0.02
22.04.2021 09:48:02.374 GMT+0100,3380.386,3375.8190000000004,0.02,0.02
22.04.2021 09:48:17.136 GMT+0100,3379.5090000000005,3375.737,0.02,0.02
22.04.2021 09:49:04.952 GMT+0100,3378.468,3375.778,0.0075,0.0075
22.04.2021 09:49:20.023 GMT+0100,3377.386,3375.737,0.0075,0.0075
22.04.2021 09:49:20.073 GMT+0100,3377.5090000000005,3373.655,0.02,0.02
22.04.2021 09:49:20.352 GMT+0100,3377.386,3374.4500000000003,0.02,0.0075
22.04.2021 09:50:05.698 GMT+0100,3376.304,3372.573,0.0075,0.02
22.04.2021 09:50:05.748 GMT+0100,3375.263,3371.6140000000005,0.02,0.02
22.04.2021 09:50:27.128 GMT+0100,3374.0009999999997,3371.9990000000003,0.0075,0.02
22.04.2021 09:50:45.745 GMT+0100,3374.427,3370.491,0.02,0.02
22.04.2021 09:50:45.821 GMT+0100,3374.468,3371.778,0.02,0.0075
22.04.2021 09:51:03.606 GMT+0100,3374.3450000000003,3372.573,0.02,0.0075
22.04.2021 09:51:19.703 GMT+0100,3374.304,3371.655,0.02,0.02
22.04.2021 09:51:19.854 GMT+0100,3374.5090000000005,3370.778,0.02,0.02
22.04.2021 09:51:19.983 GMT+0100,3373.468,3370.9990000000003,0.0075,0.02
22.04.2021 09:52:14.688 GMT+0100,3372.427,3370.532,0.0075,0.0075
22.04.2021 09:52:14.738 GMT+0100,3372.222,3368.8190000000004,0.02,0.02
22.04.2021 09:52:14.889 GMT+0100,3372.3450000000003,3369.655,0.02,0.02
22.04.2021 09:53:13.392 GMT+0100,3372.304,3370.8190000000004,0.0075,0.0075
22.04.2021 09:53:13.443 GMT+0100,3375.55,3371.4500000000003,0.02,0.02
22.04.2021 09:53:49.864 GMT+0100,3373.386,3371.491,0.0075,0.0075
22.04.2021 09:53:49.914 GMT+0100,3373.386,3369.737,0.02,0.02
22.04.2021 09:53:56.466 GMT+0100,3372.386,3369.737,0.0075,0.02
22.04.2021 09:53:56.567 GMT+0100,3371.386,3369.532,0.02,0.02
22.04.2021 09:53:56.617 GMT+0100,3371.263,3367.655,0.02,0.02
22.04.2021 09:53:56.828 GMT+0100,3371.263,3368.737,0.02,0.0075
22.04.2021 09:54:18.593 GMT+0100,3370.427,3368.778,0.0075,0.02
22.04.2021 09:54:18.813 GMT+0100,3370.55,3366.532,0.02,0.02
22.04.2021 09:54:47.709 GMT+0100,3370.55,3367.8190000000004,0.02,0.0075
22.04.2021 09:55:34.977 GMT+0100,3370.386,3368.9990000000003,0.02,0.0075
22.04.2021 09:56:20.114 GMT+0100,3372.3450000000003,3368.655,0.02,0.02
22.04.2021 09:56:22.430 GMT+0100,3371.304,3368.9990000000003,0.02,0.02
22.04.2021 09:58:07.794 GMT+0100,3372.427,3368.491,0.02,0.02
22.04.2021 09:58:08.118 GMT+0100,3372.0009999999997,3369.778,0.02,0.02
22.04.2021 09:58:08.285 GMT+0100,3373.5090000000005,3368.491,0.02,0.02
22.04.2021 09:58:23.954 GMT+0100,3372.468,3368.9990000000003,0.0075,0.02
22.04.2021 09:58:24.243 GMT+0100,3371.304,3368.655,0.02,0.02
22.04.2021 09:58:30.589 GMT+0100,3370.427,3368.8190000000004,0.0075,0.02
22.04.2021 09:58:40.969 GMT+0100,3370.304,3365.491,0.02,0.02
22.04.2021 09:58:41.328 GMT+0100,3370.3450000000003,3367.737,0.02,0.0075
22.04.2021 09:58:41.867 GMT+0100,3369.222,3367.573,0.0075,0.02
22.04.2021 10:01:06.433 GMT+0100,3369.5,3368.491,0.0075,0.0075
22.04.2021 10:01:06.483 GMT+0100,3372.181,3368.8190000000004,0.02,0.02
22.04.2021 10:01:06.595 GMT+0100,3372.5090000000005,3367.778,0.02,0.02
22.04.2021 10:01:06.645 GMT+0100,3372.0009999999997,3369.737,0.02,0.02
22.04.2021 10:01:10.810 GMT+0100,3370.222,3367.4500000000003,0.02,0.02
22.04.2021 10:01:10.861 GMT+0100,3371.427,3366.8190000000004,0.02,0.02
22.04.2021 10:01:10.911 GMT+0100,3370.386,3366.573,0.02,0.02
22.04.2021 10:01:11.038 GMT+0100,3370.0009999999997,3367.737,0.02,0.02
22.04.2021 10:01:11.259 GMT+0100,3369.386,3367.696,0.0075,0.02
22.04.2021 10:01:11.360 GMT+0100,3370.0009999999997,3367.532,0.02,0.02
22.04.2021 10:01:11.935 GMT+0100,3368.55,3364.4500000000003,0.02,0.02
22.04.2021 10:01:12.068 GMT+0100,3369.0009999999997,3364.4500000000003,0.02,0.02
22.04.2021 10:01:12.182 GMT+0100,3369.181,3365.696,0.02,0.02
22.04.2021 10:01:12.449 GMT+0100,3370.55,3365.9990000000003,0.02,0.02
22.04.2021 10:01:12.499 GMT+0100,3370.3450000000003,3366.8190000000004,0.02,0.02
22.04.2021 10:01:12.639 GMT+0100,3369.5090000000005,3365.9990000000003,0.02,0.02
22.04.2021 10:01:14.867 GMT+0100,3367.5090000000005,3365.778,0.0075,0.0075
22.04.2021 10:01:14.917 GMT+0100,3367.386,3364.4500000000003,0.02,0.02
22.04.2021 10:01:14.968 GMT+0100,3367.222,3362.778,0.02,0.02
22.04.2021 10:01:15.224 GMT+0100,3366.304,3362.4500000000003,0.0075,0.02
22.04.2021 10:01:15.352 GMT+0100,3367.0009999999997,3363.573,0.02,0.02
22.04.2021 10:01:15.742 GMT+0100,3366.468,3363.696,0.0075,0.02
22.04.2021 10:01:34.416 GMT+0100,3368.55,3364.8190000000004,0.02,0.02
22.04.2021 10:01:34.466 GMT+0100,3368.427,3365.655,0.02,0.02
22.04.2021 10:01:35.275 GMT+0100,3367.386,3364.737,0.02,0.02
22.04.2021 10:01:35.422 GMT+0100,3368.181,3364.696,0.02,0.02
22.04.2021 10:01:39.926 GMT+0100,3369.386,3364.491,0.02,0.02
22.04.2021 10:01:39.977 GMT+0100,3369.304,3365.655,0.02,0.0075
22.04.2021 10:02:45.485 GMT+0100,3368.181,3365.4500000000003,0.01,0.01
22.04.2021 10:02:51.314 GMT+0100,3367.55,3365.532,0.02,0.02
22.04.2021 10:02:53.555 GMT+0100,3367.222,3363.9990000000003,0.02,0.02
22.04.2021 10:02:59.404 GMT+0100,3366.0009999999997,3363.9990000000003,0.0075,0.0075
22.04.2021 10:02:59.455 GMT+0100,3366.386,3362.8190000000004,0.02,0.02
22.04.2021 10:03:30.202 GMT+0100,3365.222,3361.778,0.02,0.02
22.04.2021 10:03:30.311 GMT+0100,3365.304,3363.4500000000003,0.02,0.0075
22.04.2021 10:03:30.412 GMT+0100,3366.3450000000003,3363.8190000000004,0.02,0.02
22.04.2021 10:03:37.292 GMT+0100,3366.0009999999997,3361.491,0.02,0.02
22.04.2021 10:03:37.342 GMT+0100,3364.55,3360.655,0.02,0.02
22.04.2021 10:03:37.619 GMT+0100,3365.5090000000005,3361.532,0.02,0.02
22.04.2021 10:03:38.400 GMT+0100,3365.304,3362.737,0.0075,0.0075
22.04.2021 10:03:38.450 GMT+0100,3366.427,3362.9990000000003,0.02,0.02
22.04.2021 10:03:38.544 GMT+0100,3365.5090000000005,3361.737,0.02,0.02
22.04.2021 10:03:43.150 GMT+0100,3364.55,3361.737,0.0075,0.02
22.04.2021 10:05:27.635 GMT+0100,3366.304,3361.491,0.02,0.02
22.04.2021 10:05:27.685 GMT+0100,3365.222,3361.696,0.02,0.02
22.04.2021 10:05:27.995 GMT+0100,3366.55,3362.6140000000005,0.02,0.02
22.04.2021 10:05:28.046 GMT+0100,3366.3450000000003,3361.737,0.02,0.02
22.04.2021 10:05:29.090 GMT+0100,3366.181,3364.532,0.02,0.02
22.04.2021 10:05:29.141 GMT+0100,3367.55,3364.8190000000004,0.02,0.02
22.04.2021 10:05:30.032 GMT+0100,3367.222,3365.6140000000005,0.02,0.02
22.04.2021 10:05:30.226 GMT+0100,3369.181,3365.655,0.02,0.02
22.04.2021 10:05:30.377 GMT+0100,3368.55,3365.696,0.02,0.02
22.04.2021 10:05:38.502 GMT+0100,3368.468,3366.696,0.02,0.0075
22.04.2021 10:05:39.814 GMT+0100,3368.3450000000003,3365.4500000000003,0.02,0.02
22.04.2021 10:05:39.991 GMT+0100,3369.0009999999997,3365.8190000000004,0.02,0.02
22.04.2021 10:05:40.091 GMT+0100,3368.386,3365.655,0.02,0.02
22.04.2021 10:05:43.789 GMT+0100,3368.3450000000003,3364.6140000000005,0.02,0.02
22.04.2021 10:05:43.840 GMT+0100,3366.263,3362.737,0.02,0.02
22.04.2021 10:05:43.941 GMT+0100,3366.0009999999997,3361.655,0.02,0.02
22.04.2021 10:05:43.992 GMT+0100,3367.263,3362.655,0.02,0.02
22.04.2021 10:05:44.166 GMT+0100,3366.386,3362.532,0.0075,0.02
22.04.2021 10:05:51.728 GMT+0100,3366.263,3363.573,0.0075,0.0075
22.04.2021 10:05:51.778 GMT+0100,3367.222,3362.532,0.02,0.02
22.04.2021 10:05:51.829 GMT+0100,3369.5090000000005,3364.6140000000005,0.02,0.02
22.04.2021 10:06:27.698 GMT+0100,3369.263,3365.4500000000003,0.02,0.02
22.04.2021 10:06:32.867 GMT+0100,3368.304,3364.778,0.02,0.02
22.04.2021 10:07:13.010 GMT+0100,3369.5090000000005,3364.532,0.02,0.02
22.04.2021 10:07:41.142 GMT+0100,3368.5090000000005,3364.737,0.0075,0.02
22.04.2021 10:07:41.337 GMT+0100,3366.263,3364.9990000000003,0.0075,0.0075
22.04.2021 10:07:41.388 GMT+0100,3367.5090000000005,3362.655,0.02,0.02
22.04.2021 10:07:41.540 GMT+0100,3367.222,3363.778,0.02,0.0075
22.04.2021 10:08:03.736 GMT+0100,3366.55,3361.573,0.02,0.02
22.04.2021 10:08:03.937 GMT+0100,3365.5090000000005,3362.532,0.02,0.02
22.04.2021 10:08:41.435 GMT+0100,3364.468,3362.737,0.02,0.02
22.04.2021 10:08:53.685 GMT+0100,3364.5090000000005,3360.8190000000004,0.02,0.02
22.04.2021 10:09:02.271 GMT+0100,3363.55,3359.6140000000005,0.02,0.02
22.04.2021 10:09:02.822 GMT+0100,3363.386,3360.778,0.02,0.0075
22.04.2021 10:09:48.035 GMT+0100,3364.427,3361.696,0.02,0.02
22.04.2021 10:09:48.085 GMT+0100,3364.55,3360.655,0.02,0.02
22.04.2021 10:09:52.070 GMT+0100,3364.181,3361.655,0.02,0.02
22.04.2021 10:10:07.884 GMT+0100,3364.181,3360.573,0.02,0.02
22.04.2021 10:10:09.540 GMT+0100,3364.5090000000005,3361.491,0.02,0.0075
22.04.2021 10:10:18.760 GMT+0100,3363.304,3361.737,0.0075,0.02
22.04.2021 10:10:40.174 GMT+0100,3363.386,3360.573,0.02,0.02
22.04.2021 10:10:40.271 GMT+0100,3362.3450000000003,3360.573,0.0075,0.02
22.04.2021 10:10:52.414 GMT+0100,3362.3450000000003,3358.6140000000005,0.02,0.02
22.04.2021 10:10:52.819 GMT+0100,3361.181,3358.491,0.0075,0.02
22.04.2021 10:10:53.603 GMT+0100,3361.222,3359.491,0.02,0.0075
22.04.2021 10:11:06.940 GMT+0100,3361.427,3357.4500000000003,0.02,0.02
22.04.2021 10:11:07.141 GMT+0100,3361.427,3358.491,0.02,0.02
22.04.2021 10:11:17.921 GMT+0100,3363.55,3358.6140000000005,0.02,0.02
22.04.2021 10:11:34.552 GMT+0100,3363.427,3359.9990000000003,0.02,0.0075
22.04.2021 10:11:57.055 GMT+0100,3363.263,3360.573,0.02,0.0075
22.04.2021 10:11:57.156 GMT+0100,3363.427,3361.737,0.02,0.02
22.04.2021 10:11:57.619 GMT+0100,3364.181,3361.491,0.02,0.02
22.04.2021 10:12:17.213 GMT+0100,3367.263,3363.4500000000003,0.02,0.02
22.04.2021 10:14:39.551 GMT+0100,3368.181,3364.696,0.02,0.02
22.04.2021 10:14:39.652 GMT+0100,3372.304,3367.778,0.02,0.02
22.04.2021 10:14:39.702 GMT+0100,3372.222,3368.8190000000004,0.02,0.02
22.04.2021 10:14:39.865 GMT+0100,3372.427,3369.491,0.0075,0.02
22.04.2021 10:14:40.034 GMT+0100,3373.304,3369.9990000000003,0.02,0.02
22.04.2021 10:14:40.149 GMT+0100,3372.181,3369.9990000000003,0.0075,0.02
22.04.2021 10:16:08.748 GMT+0100,3372.181,3367.778,0.02,0.02
22.04.2021 10:16:08.798 GMT+0100,3371.55,3367.9990000000003,0.02,0.02
22.04.2021 10:16:14.537 GMT+0100,3371.5090000000005,3366.8190000000004,0.02,0.02
22.04.2021 10:16:14.587 GMT+0100,3370.3450000000003,3365.4500000000003,0.02,0.02
22.04.2021 10:16:14.785 GMT+0100,3368.263,3365.737,0.02,0.0075
22.04.2021 10:16:14.835 GMT+0100,3368.304,3364.6140000000005,0.02,0.02
22.04.2021 10:16:27.756 GMT+0100,3368.263,3365.737,0.02,0.0075
22.04.2021 10:17:49.129 GMT+0100,3367.5090000000005,3365.8190000000004,0.02,0.02
22.04.2021 10:17:50.603 GMT+0100,3367.0009999999997,3363.491,0.02,0.02
22.04.2021 10:17:50.653 GMT+0100,3366.304,3362.737,0.02,0.02
22.04.2021 10:17:50.782 GMT+0100,3368.304,3363.573,0.02,0.02
22.04.2021 10:17:51.365 GMT+0100,3367.3450000000003,3363.696,0.0075,0.02
22.04.2021 10:18:19.939 GMT+0100,3367.3450000000003,3364.6140000000005,0.02,0.02
22.04.2021 10:18:51.715 GMT+0100,3369.427,3365.737,0.02,0.02
22.04.2021 10:18:51.765 GMT+0100,3368.3450000000003,3365.8190000000004,0.02,0.02
22.04.2021 10:18:51.815 GMT+0100,3369.3450000000003,3365.532,0.02,0.02
22.04.2021 10:19:05.403 GMT+0100,3368.3450000000003,3365.737,0.02,0.02
22.04.2021 10:19:05.453 GMT+0100,3369.222,3365.655,0.02,0.02
22.04.2021 10:19:08.098 GMT+0100,3368.263,3365.8190000000004,0.0075,0.02
22.04.2021 10:20:01.184 GMT+0100,3369.304,3367.696,0.02,0.02
22.04.2021 10:20:04.055 GMT+0100,3369.5090000000005,3366.573,0.02,0.02
22.04.2021 10:20:05.157 GMT+0100,3369.427,3367.6140000000005,0.02,0.0075
22.04.2021 10:20:07.654 GMT+0100,3370.5090000000005,3367.655,0.02,0.02
22.04.2021 10:20:10.822 GMT+0100,3369.427,3367.491,0.02,0.02
22.04.2021 10:20:48.662 GMT+0100,3368.386,3367.655,0.0075,0.0075
22.04.2021 10:20:48.712 GMT+0100,3368.55,3365.573,0.02,0.02
22.04.2021 10:20:59.528 GMT+0100,3368.3450000000003,3366.778,0.02,0.0075
22.04.2021 10:21:13.774 GMT+0100,3368.427,3364.6140000000005,0.02,0.02
22.04.2021 10:21:27.752 GMT+0100,3368.427,3365.737,0.02,0.0075
22.04.2021 10:22:10.591 GMT+0100,3368.5090000000005,3366.573,0.0075,0.0075
22.04.2021 10:22:10.642 GMT+0100,3370.427,3366.9990000000003,0.02,0.02
22.04.2021 10:22:30.616 GMT+0100,3369.3450000000003,3366.696,0.0075,0.02
22.04.2021 10:22:49.866 GMT+0100,3370.386,3366.491,0.02,0.02
22.04.2021 10:22:53.020 GMT+0100,3370.55,3367.4500000000003,0.02,0.02
22.04.2021 10:23:11.795 GMT+0100,3372.3450000000003,3368.8190000000004,0.02,0.02
22.04.2021 10:23:11.963 GMT+0100,3372.5090000000005,3369.573,0.0075,0.0075
22.04.2021 10:23:12.014 GMT+0100,3373.468,3368.655,0.02,0.02
22.04.2021 10:23:12.064 GMT+0100,3374.427,3370.655,0.02,0.02
22.04.2021 10:23:12.269 GMT+0100,3373.0009999999997,3370.8190000000004,0.0075,0.02
22.04.2021 10:23:58.306 GMT+0100,3372.468,3370.9990000000003,0.0075,0.0075
22.04.2021 10:23:58.356 GMT+0100,3372.222,3368.573,0.02,0.02
22.04.2021 10:23:58.406 GMT+0100,3373.263,3369.6140000000005,0.02,0.02
22.04.2021 10:24:12.136 GMT+0100,3372.304,3369.655,0.0075,0.02
22.04.2021 10:24:33.063 GMT+0100,3371.263,3369.655,0.0075,0.02
22.04.2021 10:24:33.113 GMT+0100,3372.5090000000005,3369.491,0.02,0.02
22.04.2021 10:24:46.807 GMT+0100,3371.263,3369.8190000000004,0.0075,0.02
22.04.2021 10:25:03.049 GMT+0100,3371.386,3368.4500000000003,0.02,0.02
22.04.2021 10:25:05.864 GMT+0100,3371.386,3369.696,0.0075,0.0075
22.04.2021 10:25:05.914 GMT+0100,3373.304,3369.532,0.02,0.02
22.04.2021 10:25:06.075 GMT+0100,3374.3450000000003,3369.491,0.02,0.02
22.04.2021 10:25:06.212 GMT+0100,3373.304,3369.778,0.0075,0.02
22.04.2021 10:25:06.313 GMT+0100,3374.5090000000005,3369.655,0.02,0.02
22.04.2021 10:25:08.225 GMT+0100,3373.181,3369.737,0.02,0.02
22.04.2021 10:25:09.182 GMT+0100,3374.222,3369.491,0.02,0.02
22.04.2021 10:25:12.671 GMT+0100,3374.0009999999997,3371.778,0.02,0.02
22.04.2021 10:25:16.857 GMT+0100,3375.0009999999997,3372.6140000000005,0.02,0.02
22.04.2021 10:26:05.032 GMT+0100,3376.386,3372.737,0.02,0.02
22.04.2021 10:27:13.234 GMT+0100,3376.0009999999997,3373.9990000000003,0.02,0.02
22.04.2021 10:27:30.148 GMT+0100,3375.468,3373.573,0.0075,0.02
22.04.2021 10:29:08.852 GMT+0100,3377.222,3373.6140000000005,0.02,0.02
22.04.2021 10:29:10.046 GMT+0100,3375.263,3373.573,0.0075,0.02
22.04.2021 10:31:00.778 GMT+0100,3378.181,3374.532,0.02,0.02
22.04.2021 10:31:00.829 GMT+0100,3377.304,3373.532,0.02,0.02
22.04.2021 10:31:00.986 GMT+0100,3377.386,3374.8190000000004,0.02,0.02
22.04.2021 10:31:15.966 GMT+0100,3376.222,3374.4500000000003,0.02,0.02
22.04.2021 10:31:32.424 GMT+0100,3376.25,3375.778,0.0075,0.0075
22.04.2021 10:31:32.474 GMT+0100,3378.263,3375.9990000000003,0.02,0.02
22.04.2021 10:31:32.524 GMT+0100,3377.181,3374.4500000000003,0.02,0.02
22.04.2021 10:31:34.995 GMT+0100,3377.263,3375.696,0.02,0.0075
22.04.2021 10:32:11.469 GMT+0100,3377.386,3376.9990000000003,0.0075,0.0075
22.04.2021 10:32:11.519 GMT+0100,3379.5090000000005,3376.655,0.02,0.02
22.04.2021 10:32:11.670 GMT+0100,3379.263,3375.4500000000003,0.02,0.02
22.04.2021 10:32:11.721 GMT+0100,3380.468,3375.737,0.02,0.02
22.04.2021 10:32:11.771 GMT+0100,3379.386,3375.6140000000005,0.02,0.02
22.04.2021 10:32:11.821 GMT+0100,3380.55,3375.4500000000003,0.02,0.02
22.04.2021 10:32:13.540 GMT+0100,3379.3450000000003,3375.778,0.02,0.02
22.04.2021 10:32:15.037 GMT+0100,3379.468,3376.532,0.02,0.0075
22.04.2021 10:33:58.460 GMT+0100,3380.263,3376.9990000000003,0.02,0.02
22.04.2021 10:34:00.403 GMT+0100,3379.181,3376.8190000000004,0.0075,0.02
22.04.2021 10:34:04.069 GMT+0100,3378.5090000000005,3376.9990000000003,0.0075,0.02
22.04.2021 10:34:04.170 GMT+0100,3379.181,3376.8190000000004,0.02,0.02
22.04.2021 10:34:40.531 GMT+0100,3379.468,3375.696,0.02,0.02
22.04.2021 10:34:40.592 GMT+0100,3378.0009999999997,3375.737,0.02,0.02
22.04.2021 10:35:37.762 GMT+0100,3376.0009999999997,3375.75,0.0075,0.0075
22.04.2021 10:35:37.812 GMT+0100,3375.427,3373.8190000000004,0.02,0.02
22.04.2021 10:35:37.920 GMT+0100,3376.304,3373.4500000000003,0.02,0.02
22.04.2021 10:36:06.804 GMT+0100,3374.427,3373.655,0.0075,0.0075
22.04.2021 10:36:06.854 GMT+0100,3374.0009999999997,3370.778,0.02,0.02
22.04.2021 10:36:07.159 GMT+0100,3375.427,3372.655,0.02,0.02
22.04.2021 10:36:58.994 GMT+0100,3374.427,3372.491,0.0075,0.0075
22.04.2021 10:36:59.045 GMT+0100,3374.5090000000005,3369.9990000000003,0.02,0.02
22.04.2021 10:37:00.478 GMT+0100,3373.468,3369.655,0.0075,0.02
22.04.2021 10:37:01.014 GMT+0100,3374.5090000000005,3369.696,0.02,0.02
22.04.2021 10:37:12.007 GMT+0100,3373.181,3369.6140000000005,0.0075,0.0075
22.04.2021 10:37:12.058 GMT+0100,3373.427,3368.6140000000005,0.02,0.02
22.04.2021 10:37:35.784 GMT+0100,3372.0009999999997,3368.737,0.0075,0.02
22.04.2021 10:37:40.865 GMT+0100,3373.181,3368.573,0.02,0.02
22.04.2021 10:37:56.124 GMT+0100,3372.55,3368.778,0.0075,0.02
22.04.2021 10:38:37.219 GMT+0100,3372.427,3367.573,0.02,0.02
22.04.2021 10:38:37.269 GMT+0100,3371.181,3367.696,0.02,0.02
22.04.2021 10:38:37.805 GMT+0100,3371.5090000000005,3368.491,0.02,0.0075
22.04.2021 10:38:53.678 GMT+0100,3370.427,3368.573,0.0075,0.02
22.04.2021 10:39:50.769 GMT+0100,3371.3450000000003,3368.4500000000003,0.02,0.02
22.04.2021 10:40:17.442 GMT+0100,3369.5090000000005,3365.655,0.02,0.02
22.04.2021 10:40:17.584 GMT+0100,3369.468,3366.532,0.0075,0.0075
22.04.2021 10:40:17.634 GMT+0100,3370.468,3366.696,0.02,0.02
22.04.2021 10:40:17.727 GMT+0100,3369.304,3366.6140000000005,0.0075,0.02
22.04.2021 10:40:47.400 GMT+0100,3368.427,3364.8190000000004,0.02,0.02
22.04.2021 10:40:56.532 GMT+0100,3368.0009999999997,3365.696,0.02,0.0075
22.04.2021 10:41:01.242 GMT+0100,3367.55,3365.778,0.0075,0.02
22.04.2021 10:41:31.039 GMT+0100,3367.468,3366.9990000000003,0.0075,0.0075
22.04.2021 10:41:31.089 GMT+0100,3369.468,3366.696,0.02,0.02
22.04.2021 10:41:31.194 GMT+0100,3369.0009999999997,3365.8190000000004,0.02,0.02
22.04.2021 10:41:34.784 GMT+0100,3369.181,3366.8190000000004,0.02,0.02
22.04.2021 10:41:43.432 GMT+0100,3368.55,3366.532,0.0075,0.0075
22.04.2021 10:41:43.482 GMT+0100,3368.468,3365.737,0.02,0.02
22.04.2021 10:41:43.584 GMT+0100,3369.3450000000003,3365.532,0.02,0.02
22.04.2021 10:41:43.800 GMT+0100,3368.468,3365.9990000000003,0.02,0.02
22.04.2021 10:43:02.128 GMT+0100,3368.5090000000005,3366.696,0.0075,0.0075
22.04.2021 10:43:02.178 GMT+0100,3369.304,3366.9990000000003,0.02,0.02
22.04.2021 10:45:03.114 GMT+0100,3369.3450000000003,3365.491,0.02,0.02
22.04.2021 10:45:03.267 GMT+0100,3368.3450000000003,3365.778,0.0075,0.02
22.04.2021 10:45:04.136 GMT+0100,3368.5090000000005,3366.696,0.02,0.02
22.04.2021 10:45:09.917 GMT+0100,3368.5090000000005,3365.532,0.02,0.02
22.04.2021 10:47:00.764 GMT+0100,3369.3450000000003,3366.4500000000003,0.02,0.02
22.04.2021 10:47:01.034 GMT+0100,3369.3450000000003,3367.573,0.02,0.0075
22.04.2021 10:47:05.132 GMT+0100,3369.5,3368.4500000000003,0.0075,0.0075
22.04.2021 10:47:05.182 GMT+0100,3372.3450000000003,3368.737,0.02,0.02
22.04.2021 10:47:05.659 GMT+0100,3371.181,3367.778,0.02,0.02
22.04.2021 10:47:05.887 GMT+0100,3371.304,3368.8190000000004,0.02,0.02
22.04.2021 10:47:06.187 GMT+0100,3370.468,3368.696,0.02,0.02
22.04.2021 10:47:06.380 GMT+0100,3371.386,3368.532,0.02,0.02
22.04.2021 10:47:18.443 GMT+0100,3371.0009999999997,3367.737,0.02,0.02
22.04.2021 10:47:18.493 GMT+0100,3369.0009999999997,3365.737,0.02,0.02
22.04.2021 10:47:19.113 GMT+0100,3368.468,3365.491,0.02,0.02
22.04.2021 10:47:19.271 GMT+0100,3369.55,3365.696,0.02,0.02
22.04.2021 10:47:27.878 GMT+0100,3368.3450000000003,3365.573,0.02,0.02
22.04.2021 10:47:27.979 GMT+0100,3367.263,3365.4500000000003,0.02,0.02
22.04.2021 10:47:28.089 GMT+0100,3367.304,3364.778,0.02,0.02
22.04.2021 10:47:28.192 GMT+0100,3366.263,3363.573,0.02,0.02
22.04.2021 10:47:28.386 GMT+0100,3367.468,3363.573,0.02,0.02
22.04.2021 10:47:33.982 GMT+0100,3364.25,3363.491,0.0075,0.0075
22.04.2021 10:47:34.032 GMT+0100,3364.427,3361.696,0.02,0.02
22.04.2021 10:47:34.178 GMT+0100,3365.3450000000003,3361.778,0.02,0.02
22.04.2021 10:47:35.572 GMT+0100,3364.5090000000005,3361.778,0.0075,0.02
22.04.2021 10:48:11.453 GMT+0100,3364.0009999999997,3362.778,0.0075,0.0075
22.04.2021 10:48:11.504 GMT+0100,3365.386,3361.778,0.02,0.02
22.04.2021 10:48:11.644 GMT+0100,3365.263,3362.6140000000005,0.02,0.0075
22.04.2021 10:48:11.815 GMT+0100,3365.386,3363.573,0.0075,0.0075
22.04.2021 10:48:11.865 GMT+0100,3367.386,3363.573,0.02,0.02
22.04.2021 10:48:13.831 GMT+0100,3366.386,3363.491,0.0075,0.02
22.04.2021 10:48:30.360 GMT+0100,3365.468,3363.8190000000004,0.0075,0.0075
22.04.2021 10:48:30.411 GMT+0100,3365.386,3362.737,0.02,0.02
22.04.2021 10:48:59.509 GMT+0100,3365.3450000000003,3363.778,0.02,0.0075
22.04.2021 10:48:59.698 GMT+0100,3366.5090000000005,3363.737,0.02,0.02
22.04.2021 10:48:59.772 GMT+0100,3366.222,3364.778,0.0075,0.0075
22.04.2021 10:48:59.823 GMT+0100,3369.222,3365.9990000000003,0.02,0.02
22.04.2021 10:49:43.448 GMT+0100,3368.55,3365.9990000000003,0.0075,0.02
22.04.2021 10:50:05.995 GMT+0100,3367.222,3364.532,0.02,0.02
22.04.2021 10:50:11.214 GMT+0100,3368.386,3364.8190000000004,0.02,0.02
22.04.2021 10:50:29.989 GMT+0100,3368.304,3366.737,0.0075,0.0075
22.04.2021 10:50:30.040 GMT+0100,3370.55,3366.532,0.02,0.02
22.04.2021 10:50:30.864 GMT+0100,3369.468,3366.491,0.02,0.02
22.04.2021 10:50:32.072 GMT+0100,3370.468,3366.778,0.02,0.02
22.04.2021 10:50:32.156 GMT+0100,3369.468,3366.655,0.0075,0.02
22.04.2021 10:50:32.407 GMT+0100,3370.427,3366.696,0.02,0.02
22.04.2021 10:51:02.732 GMT+0100,3369.5090000000005,3366.573,0.0075,0.02
22.04.2021 10:51:02.840 GMT+0100,3370.181,3366.491,0.02,0.02
22.04.2021 10:51:05.456 GMT+0100,3369.222,3366.491,0.0075,0.02
22.04.2021 10:51:27.779 GMT+0100,3370.5090000000005,3366.655,0.02,0.02
22.04.2021 10:51:52.620 GMT+0100,3370.0009999999997,3367.4500000000003,0.02,0.02
22.04.2021 10:51:52.822 GMT+0100,3370.468,3365.532,0.02,0.02
22.04.2021 10:51:52.874 GMT+0100,3370.468,3366.9990000000003,0.02,0.0075
22.04.2021 10:51:53.302 GMT+0100,3370.222,3365.4500000000003,0.02,0.02
22.04.2021 10:51:53.352 GMT+0100,3370.0009999999997,3367.491,0.02,0.02
22.04.2021 10:51:53.453 GMT+0100,3371.427,3367.8190000000004,0.02,0.02
22.04.2021 10:51:54.799 GMT+0100,3370.3450000000003,3367.4500000000003,0.02,0.02
22.04.2021 10:51:56.450 GMT+0100,3369.263,3367.532,0.02,0.02
22.04.2021 10:52:03.120 GMT+0100,3369.181,3365.573,0.02,0.02
22.04.2021 10:52:03.171 GMT+0100,3369.55,3366.573,0.02,0.02
22.04.2021 10:53:22.749 GMT+0100,3369.468,3365.737,0.01,0.01
22.04.2021 10:53:47.537 GMT+0100,3369.427,3366.655,0.02,0.0075
22.04.2021 10:53:47.668 GMT+0100,3368.427,3366.8190000000004,0.0075,0.0075
22.04.2021 10:53:47.719 GMT+0100,3368.427,3364.532,0.02,0.02
22.04.2021 10:53:47.833 GMT+0100,3369.3450000000003,3364.4500000000003,0.02,0.02
22.04.2021 10:53:48.540 GMT+0100,3368.0009999999997,3364.491,0.0075,0.02
22.04.2021 10:53:49.776 GMT+0100,3367.181,3364.573,0.0075,0.0075
22.04.2021 10:53:49.827 GMT+0100,3367.55,3363.655,0.02,0.02
22.04.2021 10:53:49.940 GMT+0100,3367.304,3364.573,0.02,0.0075
22.04.2021 10:53:51.274 GMT+0100,3366.0009999999997,3364.573,0.0075,0.0075
22.04.2021 10:53:51.325 GMT+0100,3366.468,3362.9990000000003,0.02,0.02
22.04.2021 10:53:52.760 GMT+0100,3365.386,3362.4500000000003,0.0075,0.02
22.04.2021 10:54:01.893 GMT+0100,3365.263,3363.573,0.02,0.0075
22.04.2021 10:54:03.074 GMT+0100,3367.5090000000005,3363.9990000000003,0.02,0.02
22.04.2021 10:54:08.193 GMT+0100,3366.0009999999997,3363.778,0.02,0.02
22.04.2021 10:54:17.125 GMT+0100,3365.222,3363.532,0.0075,0.0075
22.04.2021 10:54:17.176 GMT+0100,3365.181,3361.4500000000003,0.02,0.02
22.04.2021 10:54:17.226 GMT+0100,3365.181,3362.573,0.02,0.02
22.04.2021 10:54:37.828 GMT+0100,3364.0009999999997,3362.532,0.02,0.02
22.04.2021 10:54:59.505 GMT+0100,3364.0009999999997,3361.9990000000003,0.02,0.02
22.04.2021 10:55:03.932 GMT+0100,3364.427,3362.696,0.0075,0.0075
22.04.2021 10:55:03.983 GMT+0100,3366.427,3362.491,0.02,0.02
22.04.2021 10:55:04.128 GMT+0100,3365.263,3362.696,0.0075,0.02
22.04.2021 10:55:04.281 GMT+0100,3365.55,3363.778,0.0075,0.02
22.04.2021 10:55:04.331 GMT+0100,3366.468,3363.4500000000003,0.02,0.02
22.04.2021 10:55:04.772 GMT+0100,3367.468,3363.491,0.02,0.02
22.04.2021 10:55:05.471 GMT+0100,3367.55,3364.532,0.02,0.0075
22.04.2021 10:55:05.571 GMT+0100,3369.55,3364.491,0.02,0.02
22.04.2021 10:55:05.936 GMT+0100,3369.263,3365.532,0.02,0.0075
22.04.2021 10:55:09.379 GMT+0100,3368.3450000000003,3365.655,0.0075,0.02
22.04.2021 10:55:13.082 GMT+0100,3369.468,3365.9990000000003,0.02,0.02
22.04.2021 10:56:29.428 GMT+0100,3370.386,3366.778,0.02,0.02
22.04.2021 10:56:31.345 GMT+0100,3369.0009999999997,3366.655,0.0075,0.02
22.04.2021 10:56:33.387 GMT+0100,3370.468,3366.696,0.02,0.02
22.04.2021 10:56:37.724 GMT+0100,3370.427,3367.4500000000003,0.02,0.0075
22.04.2021 10:56:49.017 GMT+0100,3369.386,3367.491,0.0075,0.02
22.04.2021 10:57:22.239 GMT+0100,3369.222,3366.532,0.02,0.02
22.04.2021 10:57:22.673 GMT+0100,3368.263,3364.6140000000005,0.02,0.02
22.04.2021 10:57:22.724 GMT+0100,3368.304,3363.655,0.02,0.02
22.04.2021 10:57:22.957 GMT+0100,3367.427,3363.696,0.0075,0.02
22.04.2021 10:57:23.058 GMT+0100,3366.304,3362.6140000000005,0.02,0.02
22.04.2021 10:57:23.548 GMT+0100,3366.427,3363.491,0.02,0.02
22.04.2021 10:57:27.606 GMT+0100,3367.5090000000005,3363.737,0.02,0.02
22.04.2021 10:57:27.657 GMT+0100,3367.468,3364.532,0.02,0.02
22.04.2021 10:57:27.758 GMT+0100,3367.55,3365.573,0.02,0.02
22.04.2021 10:57:27.809 GMT+0100,3368.181,3365.696,0.02,0.02
22.04.2021 10:57:27.974 GMT+0100,3369.263,3365.9990000000003,0.02,0.02
22.04.2021 10:57:29.821 GMT+0100,3368.181,3365.696,0.0075,0.02
22.04.2021 10:58:23.468 GMT+0100,3367.5090000000005,3365.532,0.0075,0.02
22.04.2021 10:58:24.860 GMT+0100,3368.386,3365.655,0.02,0.02
22.04.2021 10:58:33.778 GMT+0100,3367.222,3365.8190000000004,0.02,0.02
22.04.2021 10:59:11.206 GMT+0100,3368.222,3365.696,0.02,0.02
22.04.2021 10:59:11.307 GMT+0100,3368.468,3363.737,0.02,0.02
22.04.2021 10:59:11.536 GMT+0100,3368.468,3364.6140000000005,0.02,0.02
22.04.2021 10:59:12.332 GMT+0100,3367.427,3364.573,0.0075,0.02
22.04.2021 10:59:18.215 GMT+0100,3366.5090000000005,3364.573,0.0075,0.02
22.04.2021 11:00:05.613 GMT+0100,3368.55,3364.532,0.02,0.02
22.04.2021 11:00:06.106 GMT+0100,3367.222,3364.6140000000005,0.02,0.02
22.04.2021 11:00:06.662 GMT+0100,3368.222,3364.573,0.02,0.02
22.04.2021 11:00:06.713 GMT+0100,3368.55,3365.573,0.02,0.02
22.04.2021 11:00:07.144 GMT+0100,3368.3450000000003,3366.4500000000003,0.02,0.0075
22.04.2021 11:00:07.245 GMT+0100,3368.181,3365.655,0.02,0.02
22.04.2021 11:00:09.218 GMT+0100,3368.304,3364.4500000000003,0.02,0.02
22.04.2021 11:00:09.395 GMT+0100,3367.0009999999997,3363.8190000000004,0.02,0.02
22.04.2021 11:00:29.552 GMT+0100,3366.222,3363.4500000000003,0.0075,0.02
22.04.2021 11:01:07.061 GMT+0100,3365.263,3362.6140000000005,0.02,0.02
22.04.2021 11:01:20.219 GMT+0100,3365.181,3363.9990000000003,0.02,0.02
22.04.2021 11:01:20.319 GMT+0100,3365.304,3362.573,0.02,0.02
22.04.2021 11:01:20.561 GMT+0100,3365.3450000000003,3363.6140000000005,0.02,0.0075
22.04.2021 11:01:20.661 GMT+0100,3365.304,3362.491,0.02,0.02
22.04.2021 11:01:24.870 GMT+0100,3366.427,3362.655,0.02,0.02
22.04.2021 11:01:38.760 GMT+0100,3366.0009999999997,3363.6140000000005,0.02,0.0075
22.04.2021 11:01:46.082 GMT+0100,3367.304,3363.4500000000003,0.02,0.02
22.04.2021 11:02:00.920 GMT+0100,3367.222,3364.8190000000004,0.02,0.0075
22.04.2021 11:02:12.917 GMT+0100,3368.263,3364.4500000000003,0.02,0.02
22.04.2021 11:02:12.968 GMT+0100,3366.181,3364.778,0.02,0.02
22.04.2021 11:02:37.559 GMT+0100,3367.181,3364.737,0.02,0.02
22.04.2021 11:03:16.367 GMT+0100,3368.5090000000005,3364.4500000000003,0.02,0.02
22.04.2021 11:03:16.761 GMT+0100,3368.427,3365.532,0.02,0.0075
22.04.2021 11:03:16.912 GMT+0100,3368.5090000000005,3364.4500000000003,0.02,0.02
22.04.2021 11:03:17.006 GMT+0100,3368.304,3365.778,0.02,0.0075
22.04.2021 11:04:11.085 GMT+0100,3367.304,3365.9990000000003,0.02,0.02
22.04.2021 11:05:21.145 GMT+0100,3368.263,3365.4500000000003,0.02,0.02
22.04.2021 11:05:21.979 GMT+0100,3367.3450000000003,3365.737,0.0075,0.02
22.04.2021 11:05:50.853 GMT+0100,3367.427,3364.737,0.02,0.02
22.04.2021 11:05:50.903 GMT+0100,3367.55,3365.532,0.02,0.02
22.04.2021 11:06:20.173 GMT+0100,3367.0009999999997,3363.9990000000003,0.02,0.02
22.04.2021 11:06:27.692 GMT+0100,3367.304,3364.696,0.02,0.02
22.04.2021 11:07:54.076 GMT+0100,3365.5090000000005,3364.9990000000003,0.0075,0.0075
22.04.2021 11:07:54.126 GMT+0100,3366.5090000000005,3363.9990000000003,0.02,0.02
22.04.2021 11:08:36.470 GMT+0100,3366.222,3364.573,0.02,0.0075
22.04.2021 11:08:36.571 GMT+0100,3367.263,3364.573,0.02,0.02
22.04.2021 11:08:40.281 GMT+0100,3367.0009999999997,3365.4500000000003,0.02,0.02
22.04.2021 11:09:09.683 GMT+0100,3367.3450000000003,3364.778,0.02,0.02
22.04.2021 11:09:09.895 GMT+0100,3366.55,3364.573,0.02,0.02
22.04.2021 11:10:32.356 GMT+0100,3367.3450000000003,3364.6140000000005,0.01,0.01
22.04.2021 11:10:32.457 GMT+0100,3365.427,3363.655,0.02,0.02
22.04.2021 11:10:32.621 GMT+0100,3366.0009999999997,3363.778,0.02,0.02
22.04.2021 11:10:38.610 GMT+0100,3365.427,3363.655,0.0075,0.02
22.04.2021 11:10:53.193 GMT+0100,3367.5090000000005,3363.532,0.02,0.02
22.04.2021 11:10:57.383 GMT+0100,3367.3450000000003,3364.491,0.02,0.0075
22.04.2021 11:11:05.594 GMT+0100,3366.304,3364.573,0.0075,0.02
22.04.2021 11:11:12.204 GMT+0100,3366.3450000000003,3362.532,0.02,0.02
22.04.2021 11:11:12.552 GMT+0100,3366.427,3363.491,0.02,0.0075
22.04.2021 11:12:04.607 GMT+0100,3367.386,3363.778,0.02,0.02
22.04.2021 11:12:10.564 GMT+0100,3367.304,3365.573,0.0075,0.0075
22.04.2021 11:12:10.614 GMT+0100,3368.386,3365.778,0.02,0.02
22.04.2021 11:12:11.860 GMT+0100,3369.263,3365.532,0.02,0.02
22.04.2021 11:12:11.910 GMT+0100,3370.427,3366.573,0.02,0.02
22.04.2021 11:12:12.092 GMT+0100,3370.5090000000005,3367.737,0.02,0.0075
22.04.2021 11:13:57.231 GMT+0100,3372.3450000000003,3368.6140000000005,0.01,0.01
22.04.2021 11:13:57.282 GMT+0100,3374.55,3369.9990000000003,0.02,0.02
22.04.2021 11:13:57.332 GMT+0100,3374.468,3370.532,0.02,0.02
22.04.2021 11:13:57.553 GMT+0100,3373.55,3370.737,0.0075,0.02
22.04.2021 11:14:05.834 GMT+0100,3372.427,3370.778,0.02,0.02
22.04.2021 11:14:58.781 GMT+0100,3372.263,3368.8190000000004,0.02,0.02
22.04.2021 11:14:58.831 GMT+0100,3371.5090000000005,3368.532,0.02,0.02
22.04.2021 11:14:58.881 GMT+0100,3372.181,3368.8190000000004,0.02,0.02
22.04.2021 11:14:59.149 GMT+0100,3372.263,3369.9990000000003,0.02,0.02
22.04.2021 11:16:11.691 GMT+0100,3372.0009999999997,3370.6140000000005,0.0075,0.0075
22.04.2021 11:16:11.741 GMT+0100,3373.468,3370.573,0.02,0.02
22.04.2021 11:16:12.325 GMT+0100,3373.181,3369.737,0.02,0.02
22.04.2021 11:16:13.019 GMT+0100,3373.5090000000005,3370.778,0.02,0.02
22.04.2021 11:16:44.017 GMT+0100,3374.386,3371.491,0.02,0.02
22.04.2021 11:16:44.117 GMT+0100,3374.468,3370.6140000000005,0.02,0.02
22.04.2021 11:16:48.341 GMT+0100,3373.181,3371.573,0.02,0.02
22.04.2021 11:16:50.452 GMT+0100,3373.304,3370.573,0.02,0.02
22.04.2021 11:18:13.652 GMT+0100,3372.222,3370.4500000000003,0.01,0.01
22.04.2021 11:18:23.318 GMT+0100,3372.427,3369.778,0.02,0.02
22.04.2021 11:18:25.943 GMT+0100,3372.386,3368.655,0.02,0.02
22.04.2021 11:18:26.055 GMT+0100,3372.181,3367.6140000000005,0.02,0.02
22.04.2021 11:18:26.155 GMT+0100,3371.3450000000003,3367.9990000000003,0.02,0.02
22.04.2021 11:18:26.283 GMT+0100,3372.0009999999997,3368.8190000000004,0.02,0.02
22.04.2021 11:18:26.448 GMT+0100,3371.5090000000005,3368.737,0.0075,0.0075
22.04.2021 11:18:26.499 GMT+0100,3371.0009999999997,3367.778,0.02,0.02
22.04.2021 11:18:26.821 GMT+0100,3371.386,3368.9990000000003,0.02,0.0075
22.04.2021 11:18:33.608 GMT+0100,3371.55,3367.4500000000003,0.02,0.02
22.04.2021 11:18:33.659 GMT+0100,3369.5090000000005,3366.8190000000004,0.02,0.02
22.04.2021 11:18:33.845 GMT+0100,3369.222,3367.778,0.02,0.0075
22.04.2021 11:18:35.622 GMT+0100,3369.386,3364.696,0.02,0.02
22.04.2021 11:18:36.540 GMT+0100,3368.427,3364.573,0.0075,0.02
22.04.2021 11:18:54.315 GMT+0100,3368.304,3365.491,0.02,0.02
22.04.2021 11:18:54.416 GMT+0100,3368.3450000000003,3366.6140000000005,0.02,0.02
22.04.2021 11:19:25.179 GMT+0100,3368.3450000000003,3364.696,0.02,0.02
22.04.2021 11:19:25.816 GMT+0100,3368.386,3365.778,0.02,0.02
22.04.2021 11:20:23.220 GMT+0100,3368.3450000000003,3363.532,0.02,0.02
22.04.2021 11:20:23.271 GMT+0100,3367.263,3363.491,0.02,0.02
22.04.2021 11:20:23.936 GMT+0100,3367.3450000000003,3364.491,0.02,0.0075
22.04.2021 11:21:27.740 GMT+0100,3368.55,3364.737,0.02,0.02
22.04.2021 11:21:45.371 GMT+0100,3367.263,3364.9990000000003,0.0075,0.02
22.04.2021 11:21:59.162 GMT+0100,3368.5090000000005,3364.8190000000004,0.02,0.02
22.04.2021 11:22:02.068 GMT+0100,3368.386,3365.4500000000003,0.02,0.0075
22.04.2021 11:22:21.615 GMT+0100,3367.263,3365.737,0.0075,0.0075
22.04.2021 11:22:21.665 GMT+0100,3367.468,3363.655,0.02,0.02
22.04.2021 11:22:22.149 GMT+0100,3367.468,3364.655,0.0075,0.0075
22.04.2021 11:22:22.199 GMT+0100,3368.55,3364.655,0.02,0.02
22.04.2021 11:22:37.156 GMT+0100,3367.468,3364.6140000000005,0.0075,0.02
22.04.2021 11:22:45.252 GMT+0100,3367.386,3365.778,0.02,0.0075
22.04.2021 11:23:19.180 GMT+0100,3368.181,3365.655,0.02,0.02
22.04.2021 11:23:23.372 GMT+0100,3367.427,3365.9990000000003,0.0075,0.02
22.04.2021 11:23:48.132 GMT+0100,3367.427,3363.778,0.02,0.02
22.04.2021 11:23:51.580 GMT+0100,3367.386,3364.8190000000004,0.02,0.0075
22.04.2021 11:24:08.649 GMT+0100,3366.222,3362.532,0.02,0.02
22.04.2021 11:24:08.848 GMT+0100,3366.0009999999997,3363.737,0.02,0.02
22.04.2021 11:26:00.831 GMT+0100,3365.0009999999997,3361.8190000000004,0.02,0.02
22.04.2021 11:26:00.881 GMT+0100,3364.181,3361.491,0.02,0.02
22.04.2021 11:26:00.999 GMT+0100,3365.386,3362.8190000000004,0.02,0.02
22.04.2021 11:26:02.309 GMT+0100,3364.304,3362.491,0.02,0.02
22.04.2021 11:26:17.960 GMT+0100,3363.468,3361.573,0.02,0.02
22.04.2021 11:26:18.011 GMT+0100,3364.5090000000005,3361.491,0.02,0.02
22.04.2021 11:26:18.111 GMT+0100,3364.55,3360.4500000000003,0.02,0.02
22.04.2021 11:26:18.180 GMT+0100,3364.5090000000005,3361.532,0.02,0.0075
22.04.2021 11:26:19.124 GMT+0100,3363.0009999999997,3361.778,0.0075,0.02
22.04.2021 11:26:31.943 GMT+0100,3364.5090000000005,3361.6140000000005,0.02,0.02
22.04.2021 11:28:34.842 GMT+0100,3364.55,3362.696,0.02,0.0075
22.04.2021 11:28:38.940 GMT+0100,3366.263,3362.573,0.02,0.02
22.04.2021 11:28:38.991 GMT+0100,3366.386,3363.491,0.02,0.02
22.04.2021 11:31:25.799 GMT+0100,3365.386,3363.491,0.02,0.02
22.04.2021 11:31:30.643 GMT+0100,3364.5090000000005,3362.696,0.02,0.02
22.04.2021 11:31:59.471 GMT+0100,3363.0009999999997,3359.778,0.02,0.02
22.04.2021 11:31:59.758 GMT+0100,3363.5090000000005,3360.778,0.02,0.0075
22.04.2021 11:31:59.858 GMT+0100,3364.468,3360.737,0.02,0.02
22.04.2021 11:32:00.060 GMT+0100,3363.263,3360.8190000000004,0.0075,0.02
22.04.2021 11:32:00.666 GMT+0100,3364.55,3360.8190000000004,0.02,0.02
22.04.2021 11:32:26.367 GMT+0100,3363.468,3360.696,0.0075,0.02
22.04.2021 11:33:25.019 GMT+0100,3363.263,3361.573,0.02,0.02
22.04.2021 11:34:13.197 GMT+0100,3364.55,3361.778,0.02,0.02
22.04.2021 11:34:14.634 GMT+0100,3363.181,3361.532,0.0075,0.02
22.04.2021 11:34:14.991 GMT+0100,3363.3450000000003,3360.6140000000005,0.02,0.02
22.04.2021 11:34:15.132 GMT+0100,3363.0009999999997,3361.778,0.02,0.02
22.04.2021 11:34:15.265 GMT+0100,3363.0009999999997,3360.8190000000004,0.02,0.02
22.04.2021 11:35:06.231 GMT+0100,3363.0009999999997,3359.696,0.02,0.02
22.04.2021 11:35:09.830 GMT+0100,3362.222,3358.737,0.02,0.02
22.04.2021 11:35:09.974 GMT+0100,3362.263,3359.4500000000003,0.02,0.02
22.04.2021 11:35:10.625 GMT+0100,3363.386,3359.778,0.02,0.02
22.04.2021 11:35:45.467 GMT+0100,3362.263,3359.696,0.02,0.02
22.04.2021 11:37:02.965 GMT+0100,3362.386,3360.737,0.0075,0.0075
22.04.2021 11:37:03.015 GMT+0100,3364.222,3361.8190000000004,0.02,0.02
22.04.2021 11:37:03.066 GMT+0100,3364.468,3362.696,0.02,0.02
22.04.2021 11:37:45.508 GMT+0100,3363.468,3362.491,0.0075,0.0075
22.04.2021 11:37:45.559 GMT+0100,3363.55,3360.655,0.02,0.02
22.04.2021 11:37:46.602 GMT+0100,3364.3450000000003,3361.4500000000003,0.02,0.02
22.04.2021 11:37:53.749 GMT+0100,3363.55,3361.6140000000005,0.02,0.02
22.04.2021 11:38:04.094 GMT+0100,3364.5090000000005,3361.655,0.02,0.02
22.04.2021 11:38:13.678 GMT+0100,3363.468,3361.778,0.0075,0.02
22.04.2021 11:40:02.958 GMT+0100,3364.263,3362.655,0.01,0.01
22.04.2021 11:40:03.058 GMT+0100,3364.222,3361.655,0.02,0.02
22.04.2021 11:40:03.183 GMT+0100,3364.3450000000003,3362.573,0.02,0.02
22.04.2021 11:40:03.799 GMT+0100,3364.55,3361.491,0.02,0.02
22.04.2021 11:40:07.053 GMT+0100,3364.386,3362.9990000000003,0.02,0.0075
22.04.2021 11:40:56.533 GMT+0100,3366.5090000000005,3362.9990000000003,0.02,0.02
22.04.2021 11:40:56.583 GMT+0100,3366.55,3363.4500000000003,0.02,0.02
22.04.2021 11:40:57.770 GMT+0100,3365.222,3363.532,0.02,0.02
22.04.2021 11:40:58.642 GMT+0100,3365.0009999999997,3362.655,0.02,0.02
22.04.2021 11:41:12.741 GMT+0100,3365.3450000000003,3364.696,0.0075,0.0075
22.04.2021 11:41:12.791 GMT+0100,3366.55,3363.532,0.02,0.02
22.04.2021 11:41:12.841 GMT+0100,3365.3450000000003,3362.6140000000005,0.02,0.02
22.04.2021 11:41:12.943 GMT+0100,3366.263,3362.696,0.02,0.02
22.04.2021 11:41:12.993 GMT+0100,3367.55,3363.532,0.02,0.02
22.04.2021 11:41:13.043 GMT+0100,3367.3450000000003,3362.8190000000004,0.02,0.02
22.04.2021 11:41:13.094 GMT+0100,3367.468,3364.696,0.02,0.02
22.04.2021 11:41:16.340 GMT+0100,3368.0009999999997,3365.6140000000005,0.02,0.02
22.04.2021 11:41:16.442 GMT+0100,3368.3450000000003,3364.696,0.02,0.02
22.04.2021 11:41:20.232 GMT+0100,3368.0009999999997,3365.4500000000003,0.0075,0.0075
22.04.2021 11:41:20.282 GMT+0100,3369.304,3365.696,0.02,0.02
22.04.2021 11:41:25.621 GMT+0100,3368.5090000000005,3365.4500000000003,0.0075,0.02
22.04.2021 11:41:42.574 GMT+0100,3369.304,3365.6140000000005,0.02,0.02
22.04.2021 11:42:16.821 GMT+0100,3369.263,3367.696,0.0075,0.0075
22.04.2021 11:42:16.872 GMT+0100,3372.263,3367.573,0.02,0.02
22.04.2021 11:42:16.922 GMT+0100,3369.181,3366.573,0.02,0.02
22.04.2021 11:42:16.972 GMT+0100,3369.222,3365.8190000000004,0.02,0.02
22.04.2021 11:42:17.572 GMT+0100,3368.222,3365.737,0.0075,0.0075
22.04.2021 11:42:17.673 GMT+0100,3368.5090000000005,3364.9990000000003,0.02,0.02
22.04.2021 11:42:51.811 GMT+0100,3368.304,3365.9990000000003,0.02,0.0075
22.04.2021 11:44:08.609 GMT+0100,3367.468,3365.532,0.0075,0.0075
22.04.2021 11:44:08.659 GMT+0100,3367.427,3362.6140000000005,0.02,0.02
22.04.2021 11:44:08.709 GMT+0100,3366.468,3362.655,0.02,0.02
22.04.2021 11:44:09.076 GMT+0100,3365.468,3362.532,0.02,0.02
22.04.2021 11:44:39.014 GMT+0100,3364.304,3362.6140000000005,0.02,0.02
22.04.2021 11:44:41.974 GMT+0100,3364.427,3360.4500000000003,0.02,0.02
22.04.2021 11:44:42.205 GMT+0100,3363.386,3360.6140000000005,0.0075,0.02
22.04.2021 11:44:43.133 GMT+0100,3365.0009999999997,3361.8190000000004,0.02,0.02
22.04.2021 11:44:43.371 GMT+0100,3364.181,3361.4500000000003,0.0075,0.02
22.04.2021 11:44:59.706 GMT+0100,3364.181,3360.8190000000004,0.02,0.02
22.04.2021 11:44:59.766 GMT+0100,3364.427,3361.696,0.02,0.0075
22.04.2021 11:45:28.143 GMT+0100,3365.386,3361.491,0.02,0.02
22.04.2021 11:46:15.758 GMT+0100,3364.3450000000003,3361.778,0.0075,0.02
22.04.2021 11:46:34.094 GMT+0100,3364.427,3360.532,0.02,0.02
22.04.2021 11:46:34.145 GMT+0100,3363.468,3360.737,0.02,0.02
22.04.2021 11:46:34.195 GMT+0100,3363.386,3359.737,0.02,0.02
22.04.2021 11:46:34.245 GMT+0100,3362.468,3359.8190000000004,0.02,0.02
22.04.2021 11:46:34.549 GMT+0100,3362.222,3360.655,0.02,0.0075
22.04.2021 11:46:35.728 GMT+0100,3362.468,3358.737,0.02,0.02
22.04.2021 11:46:36.425 GMT+0100,3362.386,3357.491,0.02,0.02
22.04.2021 11:46:36.526 GMT+0100,3362.5090000000005,3358.696,0.02,0.02
22.04.2021 11:46:45.499 GMT+0100,3361.263,3358.6140000000005,0.02,0.02
22.04.2021 11:48:03.441 GMT+0100,3360.3450000000003,3358.6140000000005,0.02,0.02
22.04.2021 11:48:04.238 GMT+0100,3361.468,3358.4500000000003,0.02,0.02
22.04.2021 11:48:30.817 GMT+0100,3360.427,3358.696,0.02,0.02
22.04.2021 11:49:31.930 GMT+0100,3359.263,3356.491,0.02,0.02
22.04.2021 11:51:46.145 GMT+0100,3359.427,3357.696,0.0075,0.0075
22.04.2021 11:51:46.195 GMT+0100,3361.222,3356.778,0.02,0.02
22.04.2021 11:51:46.957 GMT+0100,3360.304,3356.696,0.02,0.02
22.04.2021 11:51:47.382 GMT+0100,3360.386,3357.9990000000003,0.02,0.02
22.04.2021 11:51:54.030 GMT+0100,3360.386,3358.655,0.02,0.02
22.04.2021 11:53:14.462 GMT+0100,3360.3450000000003,3357.778,0.01,0.01
22.04.2021 11:53:18.494 GMT+0100,3359.222,3357.573,0.02,0.02
22.04.2021 11:53:29.128 GMT+0100,3358.304,3357.655,0.0075,0.0075
22.04.2021 11:53:29.179 GMT+0100,3358.468,3356.573,0.02,0.02
22.04.2021 11:54:06.930 GMT+0100,3357.386,3354.491,0.02,0.02
22.04.2021 11:54:08.803 GMT+0100,3357.222,3355.9990000000003,0.02,0.0075
22.04.2021 11:54:12.075 GMT+0100,3356.222,3355.4500000000003,0.0075,0.0075
22.04.2021 11:54:12.125 GMT+0100,3356.468,3353.655,0.02,0.02
22.04.2021 11:54:12.176 GMT+0100,3357.0009999999997,3354.778,0.02,0.02
22.04.2021 11:54:12.226 GMT+0100,3358.427,3354.532,0.02,0.02
22.04.2021 11:54:12.424 GMT+0100,3358.263,3355.491,0.02,0.02
22.04.2021 11:54:14.003 GMT+0100,3359.386,3355.532,0.02,0.02
22.04.2021 11:54:14.834 GMT+0100,3358.427,3355.8190000000004,0.02,0.02
22.04.2021 11:54:19.214 GMT+0100,3358.55,3356.737,0.02,0.02
22.04.2021 11:54:19.264 GMT+0100,3359.263,3356.573,0.02,0.02
22.04.2021 11:54:20.154 GMT+0100,3360.468,3356.8190000000004,0.02,0.02
22.04.2021 11:54:20.366 GMT+0100,3360.3450000000003,3357.573,0.02,0.0075
22.04.2021 11:54:36.984 GMT+0100,3360.55,3358.778,0.02,0.0075
22.04.2021 11:54:38.645 GMT+0100,3361.55,3358.573,0.02,0.02
22.04.2021 11:55:45.468 GMT+0100,3360.468,3357.737,0.01,0.01
22.04.2021 11:56:03.617 GMT+0100,3359.3450000000003,3357.573,0.0075,0.02
22.04.2021 11:56:16.940 GMT+0100,3358.304,3357.491,0.0075,0.0075
22.04.2021 11:56:16.990 GMT+0100,3358.222,3354.491,0.02,0.02
22.04.2021 11:56:17.041 GMT+0100,3359.3450000000003,3354.696,0.02,0.02
22.04.2021 11:56:17.227 GMT+0100,3358.468,3354.4500000000003,0.02,0.02
22.04.2021 11:56:17.790 GMT+0100,3358.55,3355.778,0.0075,0.02
22.04.2021 11:56:19.891 GMT+0100,3359.0009999999997,3355.491,0.02,0.02
22.04.2021 11:57:05.068 GMT+0100,3359.386,3356.737,0.02,0.02
22.04.2021 11:57:05.177 GMT+0100,3359.5090000000005,3357.532,0.0075,0.02
22.04.2021 11:57:05.227 GMT+0100,3361.222,3357.491,0.02,0.02
22.04.2021 11:57:45.626 GMT+0100,3360.386,3357.655,0.02,0.02
22.04.2021 11:58:03.493 GMT+0100,3359.5090000000005,3357.696,0.0075,0.02
22.04.2021 11:58:10.578 GMT+0100,3360.3450000000003,3357.9990000000003,0.02,0.02
22.04.2021 11:58:42.962 GMT+0100,3361.55,3357.9990000000003,0.02,0.02
22.04.2021 11:58:44.032 GMT+0100,3361.3450000000003,3358.532,0.02,0.0075
22.04.2021 11:58:46.677 GMT+0100,3361.55,3357.4500000000003,0.02,0.02
22.04.2021 11:58:46.828 GMT+0100,3360.3450000000003,3357.696,0.02,0.02
22.04.2021 11:58:46.991 GMT+0100,3361.181,3357.737,0.02,0.02
22.04.2021 11:58:49.688 GMT+0100,3360.55,3357.737,0.02,0.02
22.04.2021 11:59:02.405 GMT+0100,3359.386,3357.4500000000003,0.02,0.02
22.04.2021 11:59:04.224 GMT+0100,3358.222,3354.9990000000003,0.02,0.02
22.04.2021 11:59:04.495 GMT+0100,3358.386,3355.8190000000004,0.02,0.0075
22.04.2021 11:59:49.688 GMT+0100,3357.304,3355.532,0.02,0.02
22.04.2021 11:59:49.738 GMT+0100,3358.222,3355.4500000000003,0.02,0.02
22.04.2021 11:59:50.049 GMT+0100,3358.427,3356.696,0.02,0.0075
22.04.2021 11:59:50.327 GMT+0100,3358.0009999999997,3355.6140000000005,0.02,0.02
22.04.2021 11:59:58.937 GMT+0100,3358.304,3354.778,0.02,0.02
22.04.2021 12:00:00.780 GMT+0100,3357.181,3354.532,0.02,0.02
22.04.2021 12:00:06.717 GMT+0100,3356.222,3354.655,0.02,0.02
22.04.2021 12:00:15.582 GMT+0100,3356.0009999999997,3353.696,0.02,0.02
22.04.2021 12:01:58.078 GMT+0100,3356.263,3354.696,0.02,0.0075
22.04.2021 12:02:00.726 GMT+0100,3357.3450000000003,3354.778,0.02,0.02
22.04.2021 12:02:01.817 GMT+0100,3357.263,3353.778,0.02,0.02
22.04.2021 12:02:01.987 GMT+0100,3356.304,3353.6140000000005,0.02,0.02
22.04.2021 12:02:02.132 GMT+0100,3357.386,3353.532,0.02,0.02
22.04.2021 12:02:02.245 GMT+0100,3356.468,3353.696,0.0075,0.02
22.04.2021 12:02:05.196 GMT+0100,3355.0009999999997,3353.532,0.02,0.02
22.04.2021 12:02:05.648 GMT+0100,3356.3450000000003,3353.491,0.02,0.02
22.04.2021 12:02:28.195 GMT+0100,3355.263,3353.573,0.0075,0.02
22.04.2021 12:03:27.655 GMT+0100,3356.0009999999997,3353.491,0.02,0.02
22.04.2021 12:04:03.836 GMT+0100,3355.468,3353.532,0.0075,0.02
22.04.2021 12:05:03.088 GMT+0100,3355.427,3352.9990000000003,0.02,0.02
22.04.2021 12:06:54.478 GMT+0100,3354.55,3351.8190000000004,0.01,0.01
22.04.2021 12:06:54.629 GMT+0100,3353.0009999999997,3350.778,0.02,0.02
22.04.2021 12:07:35.625 GMT+0100,3353.386,3351.8190000000004,0.02,0.02
22.04.2021 12:07:47.252 GMT+0100,3353.181,3352.9990000000003,0.0075,0.0075
22.04.2021 12:07:47.303 GMT+0100,3354.181,3352.6140000000005,0.02,0.02
22.04.2021 12:07:51.909 GMT+0100,3354.3450000000003,3353.737,0.0075,0.0075
